3102 4978
396 420 583 473 CHRONICA
602 420 715 471 REGIA
736 419 990 472 COLONIENSIS.
1171 419 1248 470 XXV

130 591 277 655 Martini
298 589 487 668 chronicon,
518 588 606 672 quod
633 591 850 668 continuavit,
878 587 1030 652 adhibuit
1058 610 1183 673 quoqne
1206 589 1253 652 ad

132 697 216 759 opus
239 697 335 738 suum
357 673 588 737 instruendum
613 671 899 738 Continuationem
915 672 1108 757 pontificum
1130 673 1250 737 Itoma-

131 782 220 822 nam.
265 757 347 821 Alio
369 779 409 819 ese
431 757 678 821 continuatione
702 757 849 842 quadam
871 757 1047 820 annalium
1078 758 1114 820 in
1137 779 1249 820 mones-

131 845 230 906 sterio
265 843 299 907 S.
331 841 544 905 Pantaleonis
574 842 771 926 scriptorum
803 850 910 904 sumta
939 851 944 865 ‘
974 841 1106 903 utarim.
1162 839 1253 904 Sane

130 927 226 991 lsaud
253 927 369 1012 euiqui
396 926 503 1010 'pretii
528 934 574 988 est
601 925 808 989 aestimanda
836 924 916 989 haec
944 863 1101 1005 Cistonia,
1132 926 1253 1009 quippe

130 1033 217 1100 quae
232 1033 298 1075 non
315 1011 418 1073 solum
442 1009 553 1073 adres
571 1008 775 1073 Colonienses
795 1008 909 1072 melius
923 1031 959 1072 co
984 1009 1175 1089 noscendas,
1198 1009 1254 1072 sed

130 1097 229 1159 etiam
259 1094 305 1156 ad
334 1093 561 1173 universalem,
589 1101 625 1156 nt
645 1096 695 1157 itu
717 1093 837 1172 dicam,
866 1032 991 1158 saeculi
1021 1093 1138 1156 decimi
1166 1093 1255 1155 tertii

129 1181 280 1243 eueuntis
303 1179 482 1261 decimique
505 1179 617 1262 quarti
646 1179 792 1240 ineuntis
821 1178 991 1241 historiam
1020 1177 1254 1240 elucidandam

128 1261 250 1327 ualeat.

218 1344 325 1409 Multa
355 1367 395 1407 eoe
424 1353 535 1408 nostro
569 1346 840 1429 deprompserunt
871 1344 1035 1410 Ciironica
1057 1341 1254 1428 praesulum

132 1430 378 1498 Coloniensium
412 1438 441 1493 et
470 1426 634 1493 Otrontm
662 1431 872 1514 quoru-ndum
900 1452 1014 1515 requm
1049 1451 1087 1491 ac
1113 1430 1254 1512 impera-

128 1525 239 1579 torum
261 1515 497 1591 Romanorum,
528 1514 645 1599 quibus
671 1516 709 1577 iu
732 1513 941 1578 restituendis
963 1512 1069 1577 uerbis
1091 1534 1252 1576 nonnum·

152 1622 232 1663 uam
253 1601 303 1662 uti
329 1597 433 1662 licuit.
483 1596 589 1660 Versio
613 1595 814 1662 Germanica
841 1599 877 1661 in
901 1598 1052 1661 chronico
1074 1596 1255 1660 uernacula

128 1623 178 1747 lin
206 1707 251 1746 ua
279 1684 402 1766 scripto
426 1681 546 1744 codicis
569 1682 778 1746 Monacensis
802 1680 909 1745 Germ.
932 1704 984 1746 nr.
1007 1681 1079 1746 691.
1101 1679 1254 1766 leqitur1.

130 1706 277 1832 Solqdani
312 1765 484 1850 epistolam
516 1764 673 1831 Clementi
707 1767 740 1830 V.
771 1785 887 1850 papae
920 1767 1077 1830 directam
1115 1765 1255 1828 continet

130 1853 230 1916 etiam
252 1852 354 1915 codem
376 1849 585 1914 bibliothecae
634 1853 782 1936 ymnasii
812 1852 858 1915 cd
879 1850 1039 1916 Sanctum
1062 1847 1254 1913 Marcellum

133 1933 300 2016 Coloniae,
322 1937 494 2020 siqnatns:
526 1873 633 2000 Coddl
654 1935 692 1997 in
715 1935 750 1998 4⁰
772 1957 824 1998 nr.
850 1935 919 2016 169,
948 1957 1031 1998 saec.
1054 1933 1139 1996 XIV.
1183 1931 1253 1997 Hoc

132 2029 161 2084 et
184 2019 232 2084 ad
247 2019 477 2104 corriqendum
493 2026 522 2081 et
537 2017 582 2081 ad
597 2018 817 2102 supplendum
831 2027 953 2082 tentum
969 2018 1091 2082 codicis
1112 2016 1255 2081 Wilano-

132 2105 239 2168 uiani
261 2125 341 2167 usus
364 2124 435 2166 sum
457 2103 623 2187 siquando
646 2123 717 2166 eum
739 2100 777 2170 23

219 2188 310 2251 Haec
343 2187 412 2250 iam
442 2208 509 2250 uno
536 2185 700 2250 volumine
733 2187 912 2250 coniuncta
940 2183 1088 2249 omnibus
1121 2185 1180 2269 qui
1214 2185 1251 2247 in

133 2273 276 2336 historia
305 2273 372 2334 siae
403 2268 590 2335 Coloniensi
624 2274 691 2336 siue
722 2269 904 2334 uniuersali
934 2270 1035 2334 medii
1067 2268 1140 2332 aeui
1167 2276 1252 2331 trac·

132 2357 241 2420 tando
263 2364 439 2420 versantur
459 2364 559 2440 qratu
572 2354 652 2440 fore
675 2354 812 2437 confido.

133 2519 161 2583 1)
182 2517 225 2585 cr.
246 2516 508 2571 ‘senescendum
549 2479 614 2569 oon
633 2517 692 2582 m,
708 2534 738 2585 p.
759 2517 812 2567 ose
833 2515 871 2580 (Ι,
885 2533 917 2583 p.
934 2517 1052 2580 issa).

215 2659 350 2724 Dabam
371 2658 524 2724 Berolini
546 2659 577 2722 d.
600 2657 651 2723 29.
671 2657 859 2724 Decembris
884 2656 974 2721 1879.

977 2812 1015 2876 o.
1038 2787 1171 2878 narn.
