3102 4978
452 414 639 469 CHRONIOA
658 418 770 505 aucta
790 419 1044 473 GOLONIENSIS.
1275 425 1309 474 17

262 588 293 638 A.
307 590 343 639 D.
359 588 420 641 778.
439 590 554 643 Karalus
572 608 619 642 rex
634 597 723 658 partes
736 594 875 660 Hyspanie
895 600 999 662 petens,
1015 621 1048 633 -
1064 623 1097 633 -
1113 601 1143 648 ut
1159 613 1191 648 ex
1204 598 1308 664 ingenti

188 661 358 714 multitudine
377 664 421 713 vix
441 665 521 729 pauci
539 663 665 715 redirent.
703 665 802 720 Esica

262 736 293 786 A.
314 737 348 786 D.
370 736 432 786 779.
455 738 536 788 Venit
561 741 596 790 ad
622 731 751 790 Karoium
774 739 983 806 Hyldebrandns
1006 770 1043 779 -
1063 769 1095 780 —
1118 759 1165 794 rex
1186 743 1334 795 worma-⁴

189 809 258 859 ciam
277 810 305 858 in
324 809 437 859 hiberna
456 825 484 861 se
504 813 617 882 recepit.
653 811 718 863 ibid.

262 882 291 934 A.
302 883 337 933 D.
349 882 409 933 780.
424 883 524 935 Karolo
538 886 683 936 Saxoniam
692 887 859 937 venienti-
875 887 974 938 —Leo
987 889 1132 954 imperator
1143 889 1218 942 obiit.
1240 887 1306 942 ibid.

261 955 293 1006 A.
313 957 347 1006 D.
368 955 429 1010 781,
449 958 483 1008 U.
502 973 565 1008 vero
586 974 610 1008 o.
632 958 711 1007 1532.
733 958 931 1024 Constantinus,
950 961 1021 1012 filius
1041 960 1149 1026 Leonis,
1171 989 1205 1000 —-
1227 990 1258 1000 -
1281 964 1307 1014 ei

185 1029 270 1079 invito
290 1030 479 1094 coniungebat.
516 1030 580 1086 ibid.

261 1103 364 1154 Horum
382 1105 546 1170 temporibus
564 1105 673 1170 quidam
695 1105 723 1154 in
742 1105 839 1155 Traoia
862 1105 995 1158 fodientes
1022 1133 1056 1144 -
1081 1134 1114 1144 —
1141 1110 1237 1160 iterum
1263 1125 1306 1160 me

185 1175 299 1228 videbis.
337 1174 449 1227 Laodi

259 1250 320 1301 Hoc
339 1265 410 1301 anno
430 1249 545 1301 Karolus
559 1251 671 1301 Romam
687 1277 720 1286 —
734 1279 770 1286 -
783 1266 836 1301 non
850 1250 896 1303 diu
908 1254 938 1302 in
950 1251 1003 1322 fidp
1017 1254 1172 1318 permansit.
1204 1253 1306 1307 miei.

258 1324 292 1373 A.
305 1324 341 1374 D.
356 1321 418 1374 782.
437 1323 552 1374 Karolus
570 1325 598 1372 in
612 1324 756 1376 Saxoniam
776 1324 891 1376 eundum
913 1351 946 1362 -·
966 1352 1002 1362 —-
1022 1329 1068 1392 qui
1087 1343 1179 1378 omnes
1195 1343 1248 1378 una
1261 1330 1306 1380 die

186 1397 260 1446 iussu
279 1398 351 1461 regis
372 1396 499 1447 decollati
518 1402 587 1447 sunt.
623 1395 688 1448 ibid.

258 1469 290 1519 A.
312 1470 347 1520 D.
370 1469 430 1520 783.
451 1470 517 1521 Cum
535 1468 569 1519 ad
584 1470 780 1536 expeditionem
796 1471 977 1522 SaxonicumA
995 1487 1042 1522 rex
1064 1497 1095 1510 -·
1118 1501 1152 1511 -
1171 1473 1306 1526 Bertrada

185 1543 374 1606 regina,mater
392 1545 473 1608 regis,
493 1544 518 1594 4.
539 1543 604 1594 Idus
623 1543 695 1594 Iulii.
732 1541 797 1594 ibid.

258 1617 290 1666 A.
311 1618 346 1668 Ι).
367 1615 428 1667 784.
448 1616 563 1668 Karolus
582 1618 727 1668 transiecto
746 1619 822 1668 Reno
841 1618 869 1667 in
893 1617 954 1669 loco
981 1645 1015 1656 -
1046 1645 1080 1656 -
1106 1633 1167 1670 cum
1191 1621 1306 1672 victoria

183 1689 264 1740 rediit
283 1689 318 1740 ad
336 1696 439 1757 patrem
457 1706 534 1740 sunm
555 1691 742 1743 wormaciam.
780 1687 845 1740 ibid.

258 1763 289 1814 A.
309 1764 343 1814 D.
366 1761 427 1813 785.
448 1763 575 1813 Witikint
598 1769 625 1814 et
643 1763 731 1814 Abbio
752 1778 784 1813 ex
802 1763 996 1816 Transalbiana
1017 1791 1051 1802 -
1072 1791 1105 1802 -
1125 1767 1304 1832 pervicacitas

184 1850 234 1902 per
252 1836 355 1902 aliquot
374 1851 468 1886 annos.
505 1835 570 1886 ibid.

257 1910 290 1959 A.
310 1910 344 1959 D.
366 1909 427 1959 786.
446 1909 567 1960 Audiens
586 1924 641 1972 rex,
660 1909 763 1973 Anglos
783 1915 811 1959 et
829 1909 949 1961 Saxones
965 1911 1144 1962 Brittanniam
1161 1911 1304 1975 invasisse,

186 2009 220 2018 -
239 2009 275 2020 -
294 1982 366 2049 apud
385 1983 483 2033 Tuscia
506 1983 642 2032 civitatem
661 1981 835 2033 Florentiam.
871 1981 937 2035 ibid.

258 2055 291 2109 A.
310 2057 345 2106 D.
367 2055 428 2106 787.
447 2055 562 2106 Karolus
581 2071 629 2105 rex
641 2055 754 2106 Romam
772 2057 884 2108 veniens
905 2081 939 2092 -
959 2080 993 2092 -
1014 2071 1074 2106 cum
1093 2054 1154 2108 aliis
1176 2057 1209 2106 ia
1233 2057 1304 2110 obsi·

185 2122 284 2180 (libusb
305 2131 332 2179 in
351 2129 495 2178 Franciam
514 2127 603 2178 rediit.
641 2127 706 2178 ibid.

257 2203 290 2252 A.
309 2202 344 2253 D.
367 2201 428 2252 788.
448 2201 547 2252 Karclo
566 2217 631 2266 rege
651 2201 722 2268 apud
736 2200 905 2265 Ingelnbeim
925 2201 1026 2267 pascha
1045 2199 1199 2253 celebrante
1219 2229 1254 2240 -
1269 2231 1304 2241 -

184 2290 233 2340 per
252 2275 359 2327 diversa
379 2275 459 2325 exilia
479 2275 616 2341 dampnati
635 2280 704 2326 sunt.
742 2273 807 2324 ibici.

257 2349 290 2400 A.
312 2346 429 2399 Druse.
448 2347 563 2399 Karolus
580 2353 673 2399 contra
686 2352 794 2412 gentem
809 2346 1001 2398 sclavenorum
1019 2375 1056 2385 —
1074 2363 1204 2415 -quam
1224 2354 1305 2400 antea

185 2421 403 2487 desponsaverat.
440 2420 506 2471 ibid.

257 2495 290 2545 A.
309 2495 345 2544 D.
366 2494 428 2545 790.
447 2494 562 2544 Karolns
581 2493 681 2544 nullam
708 2492 911 2559 expedicionem
935 2494 1038 2545 fecerat
1062 2503 1097 2531 -’
1122 2521 1158 2531 -
1184 2509 1236 2560 que
1260 2509 1304 2546 res

183 2568 265 2618 futuri
284 2566 349 2617 belli
367 2567 423 2619 fuit.
436 2569 615 2618 seminarium.
650 2566 716 2617 ibid.

257 2640 289 2691 A.
309 2641 344 2690 D.
366 2641 427 2690 791.
454 2641 569 2692 Sanctus
594 2638 766 2692 Burobardus
785 2639 1011 2705 wirziburgensis
1037 2639 1179 2707 episcopus
1205 2667 1241 2678 -
1269 2667 1304 2677 —

183 2729 232 2780 per
250 2714 322 2764 viam
342 2725 396 2779 qua
414 2718 525 2764 venerat
543 2712 631 2765 rediit.
669 2712 733 2765 ibid.

257 2786 290 2838 A.
309 2789 344 2838 D.
365 2787 427 2839 792.
446 2787 546 2838 Karolo
566 2802 582 2836 a
601 2787 684 2837 natali
703 2786 814 2836 Domini
840 2812 874 2822 -
896 2811 927 2823 -
954 2787 982 2836 in
1007 2784 1074 2836 villa
1092 2787 1304 2850 Frauoonovort,

184 2859 231 2910 ubi
251 2864 278 2909 et
297 2861 479 2926 hyemaverat.
517 2857 582 2909 ibid.

257 2932 289 2982 A.
308 2935 344 2984 D.
366 2927 428 2984 793.
447 2932 547 2983 Karolo
566 2935 594 2981 in
607 2933 808 2982 Franconovort
827 2932 932 2998 pascha
948 2930 1101 2983 celebrante
1120 2961 1158 2969 -
1179 2961 1210 2972 -
1231 2931 1305 3000 apud

185 3006 313 3057 Sanctum
332 3006 467 3057 Albanum
485 3006 592 3072 sepulta
612 3011 661 3056 est.
699 3001 766 3056 ibid.

256 3080 288 3130 A.
308 3081 344 3132 D.
365 3080 427 3144 794.
445 3081 503 3130 Rex
523 3078 609 3129 diviso
628 3079 697 3128 inter
715 3093 745 3128 se
766 3076 893 3129 etlilium
914 3104 949 3114 -
970 3104 998 3114 -
1023 3093 1053 3129 se
1071 3093 1120 3144 per
1142 3081 1232 3130 omnia
1256 3078 1304 3129 ob·

183 3156 322 3204 secuturos
341 3153 503 3205 iuraverunt.
540 3148 606 3201 ibid.

257 3225 289 3275 A.
310 3227 345 3276 D.
367 3225 428 3276 795.
454 3227 512 3276 Rex
537 3223 648 3291 perfidie
675 3223 809 3274 Saxonum
833 3238 886 3272 non
911 3225 1052 3275 immemor
1073 3250 1106 3260 —
1128 3251 1161 3263 —
1184 3226 1304 3291 itemque

183 3300 304 3365 acceptis
323 3298 462 3350 obsidibus
480 3298 510 3348 in
528 3296 646 3350 Galliam
665 3297 803 3346 remeavit.
840 3292 905 3346 bid.

256 3372 289 3423 A.
308 3373 344 3422 D.
366 3372 427 3421 796.
447 3371 504 3422 Leo
518 3387 589 3438 papa
609 3397 642 3408 -
663 3396 697 3407 -
718 3368 868 3420 dicunt25.
900 3369 954 3418 Hie
968 3368 1303 3436 Karolumiecitimpera·
1330 3412 1334 3421 .

183 3448 277 3496 torem.
288 3447 378 3508 Qui-
391 3472 421 3481 —
433 3460 493 3495 cum
503 3445 610 3496 residuo
621 3443 759 3494 Hunorum
770 3443 895 3493 thesauro
906 3439 941 3490 ad
951 3446 1053 3508 patrem
1063 3442 1223 3508 regreditur.
1237 3441 1304 3496 ibid.

255 3519 288 3570 A.
307 3519 342 3569 D.
364 3519 424 3570 797.
453 3518 598 3583 Expeditio
622 3517 696 3567 iacta
728 3521 770 3566 est
794 3516 823 3564 in
849 3513 995 3564 Saxoniam
1024 3541 1055 3551 --
1085 3541 1116 3552 -
1143 3515 1303 3583 impendens

182 3590 273 3641 natale
293 3592 408 3642 Domini
423 3597 451 3642 et
468 3591 570 3657 pascha
588 3589 725 3656 sequentis
745 3588 807 3658 anni
825 3587 864 3637 ibi
885 3587 1040 3638 celebravit.
1078 3587 1143 3640 ibid.

255 3664 287 3716 A.
308 3665 343 3716 D.
365 3663 426 3715 798.
447 3665 567 3715 Saxones
586 3662 776 3714 Transalbiani
795 3660 926 3712 seditione
946 3665 1079 3712 commota
1098 3661 1204 3728 legatos
1229 3663 1302 3730 regis

182 3763 218 3774 -
237 3738 459 3804 -imperatoris
479 3737 680 3787 obcecationem
700 3734 740 3786 sol
760 3734 916 3785 obscuratus
936 3736 979 3786 sit.
1016 3731 1082 3785 ibid.

255 3810 287 3860 A.
307 3811 342 3862 D.
364 3811 424 3861 799.
449 3811 507 3861 Leo
526 3825 598 3877 papa
623 3809 785 3859 aRomanis
811 3813 955 3860 excecatus
981 3812 1030 3859 est.
1057 3835 1091 3845 -
1116 3834 1150 3848 -·
1176 3823 1301 3876 pugnans

183 3888 276 3934 contra
295 3899 350 3943 eos,
369 3883 526 3934 interiectus
546 3887 596 3935 est.
633 3881 698 3933 ibid.

188 3975 389 3984 --—-——-

576 3991 739 4043 accensio
759 3991 827 4042 cod.
848 3988 906 4041 01.

255 4065 287 4116 A.
307 4066 341 4116 D.
364 4064 426 4115 796.
445 4066 513 4116 Leo
533 4066 573 4115 fit
591 4080 697 4131 papa3
717 4066 774 4130 qui
794 4079 866 4114 mox
885 4063 1079 4114 ordinatur.
1249 4119 1252 4123 ,

254 4138 287 4189 A.
308 4139 343 4189 D.
365 4137 426 4188 797.
448 4138 509 4190 798.
529 4139 619 4189 natale
640 4163 673 4174 -
694 4163 728 4175 -
750 4137 897 4188 celebravit
913 4133 989 4186 initio
1013 4151 1039 4187 a.
1060 4135 1122 4187 798.
1141 4135 1274 4203 leputatur.

255 4211 288 4262 A.
308 4213 342 4262 D.
363 4209 425 4261 799.
446 4211 523 4262 aaa:
543 4213 671 4263 Hirena
689 4209 766 4262 sola
784 4211 966 4276 imperium
981 4216 1056 4274 post
1072 4214 1212 4260 mortem
1228 4209 1303 4259 iiiii

181 4285 237 4334 sui
256 4285 377 4335 tenuit.

182 4413 205 4467 a)
222 4413 348 4456 Saxonlam
364 4415 384 4454 B
395 4416 416 4456 1.
477 4414 502 4467 b)
519 4414 614 4456 obsidiis
631 4415 650 4454 B
660 4416 679 4456 i.

1050 4483 1070 4546 2
