2988 5058
277 338 449 408 'unsrun
470 356 718 408 conrruunrro
739 355 991 408 cononrensrs.
1150 355 1201 406 sor

166 523 202 588 Si
227 522 346 588 ofridus
380 545 509 610 quoque
542 523 803 609 archiepiscopus
837 521 1036 588 Coloniensis
1072 523 1202 588 tandem

7 635 8 674 r
65 610 179 690 senio,
203 546 317 672 labore
347 617 379 672 et
400 607 529 672 casibus
550 608 690 673 fortuitis
713 618 932 694 consumptus,
965 629 1037 672 curn
1068 606 1203 672 sedisset

7 719 8 730 ¹
66 693 174 758 annis
205 693 246 756 23
274 701 306 757 et
333 693 498 758 mensibus
521 693 550 774 5,
580 693 716 758 moritur
746 703 777 757 et
805 692 839 772 in
866 692 1059 758 monasterio
1078 691 1281 757 sanctinus.

68 775 188 842 Cassii
210 777 336 858 Bunne,
365 779 449 840 sicut
477 785 509 842 ct
535 775 743 874 predecessor
769 779 850 858 eius,
878 799 973 862 quem
1000 775 1202 860 negligenter

7 925 8 928 ,
67 862 223 947 positum
244 859 407 926 honestius
423 859 551 947 sepelirr
573 860 702 944 fecerat,
724 861 847 946 etipse
868 861 988 925 fusorio
1011 883 1107 946 opere
1129 870 1203 926 ante

69 944 182 1010 altare
204 945 291 1010 beati
312 945 401 1009 Petri
422 943 597 1009 honorifice
619 944 795 1010 tumulatus
818 953 874 1010 est.
919 943 981 1014 Oui
1001 944 1203 1026 Wicboldus,

69 1029 212 1094 maioris
249 1027 384 1094 ecclesie
416 1031 449 1092 in
473 1027 608 1094 Colonia
640 1028 791 1112 decanus,
824 1030 987 1096 successit.
1036 1030 1100 1094 Hic
1131 1028 1203 1114 plus

69 1113 226 1178 faccione
248 1111 405 1179 nobilium
428 1113 491 1178 sibi
519 1113 702 1179 favencium
724 1136 822 1200 quam
843 1113 1024 1179 eleccione²
1047 1113 1204 1178 canonica

69 1197 196 1262 Nussie
219 1196 358 1282 eligitur,
380 1199 431 1263 vir
452 1209 518 1262 tam
542 1197 653 1262 divina
675 1219 772 1283 quarn
794 1198 934 1262 humana
955 1199 1096 1263 sciencia
1118 1196 1203 1262 suffi-

72 1283 202 1346 cienter
224 1281 377 1346 eruditus.
420 1283 459 1346 In
481 1282 569 1346 curia
583 1282 730 1346 Romana
751 1284 884 1366 positus,
905 1281 947 1345 ab
964 1281 1077 1347 emulis
1094 1281 1202 1369 opinio

72 1367 147 1432 eius
170 1365 376 1431 vehementer
398 1366 594 1448 obfuscetur,
624 1366 864 1453 propterquod
887 1365 988 1430 multa
1014 1367 1060 1430 ibi
1082 1387 1202 1452 expen-

72 1450 166 1516 disse
204 1460 238 1515 et
272 1451 396 1516 maiora
427 1450 563 1515 donasse
597 1459 801 1532 memoratur,
837 1461 869 1516 et
900 1451 1029 1516 tandem
1061 1473 1081 1514 a
1106 1451 1202 1515 Boni-

71 1533 163 1600 facio
179 1535 270 1600 VIII.
294 1555 380 1621 papa
401 1532 490 1621 pallii
511 1535 632 1599 honore
655 1533 833 1617 decoratus,
860 1537 894 1598 in
916 1557 998 1621 pace
1021 1535 1201 1602 dimittitur.
1213 1549 1281 1592 1298.

77 1618 185 1684 Cuius
213 1620 395 1684 interventu
418 1617 625 1684 Colonienscs
650 1617 692 1682 ab
719 1619 900 1701 interdicto,
930 1620 1080 1705 quoiam
1109 1620 1201 1684 annis

74 1701 229 1789 plurimis
251 1703 395 1768 innodati
416 1703 552 1786 fuerant,
575 1712 760 1767 meruerunt
781 1702 937 1769 absolvi1.

165 1786 271 1872 Igitur
299 1808 358 1851 rex
387 1784 524 1850 Adolfus
550 1785 771 1871 negligencius
800 1809 833 1850 se
866 1787 908 1851 ad
936 1787 1110 1873 principes,
1147 1789 1202 1874 qui

77 1891 156 1935 eum
192 1871 234 1934 ad
268 1870 395 1934 culmen
431 1871 510 1934 tanti
546 1869 678 1935 honoris
716 1881 892 1950 erexerant,
930 1892 1134 1957 componens,
1170 1880 1204 1936 et

77 1953 228 2020 militaris
252 1953 371 2018 ordinis
392 1952 538 2018 homines
560 1955 606 2018 eis
628 1977 819 2040 preponens,
850 1955 924 2020 odia
951 1977 1062 2020 eorum
1091 1965 1203 2022 contra

78 2061 115 2103 se
137 2039 336 2137 provocavit.
369 2037 464 2103 Unde
481 2037 689 2103 Gerhardusb
704 2039 913 2124 Moguntinus
928 2039 1201 2127 archiepiscopus,

78 2144 152 2207 regi
179 2123 419 2209 propinquitate
449 2123 764 2207 consanguineitatis
799 2125 998 2204 coniunctus,
1031 2125 1202 2210 episcopus

79 2207 279 2293 Argentinus
301 2217 332 2272 et
355 2207 452 2272 ceteri
467 2205 590 2272 nobiles
606 2229 795 2293 superarum
809 2209 956 2295 parcium
978 2209 1204 2294 indignacione

82 2295 247 2374 commoti,
269 2289 426 2358 illustrem
442 2290 556 2356 ducem
572 2292 702 2356 Austrie
717 2295 846 2357 nomine
861 2291 1082 2376 Adalbertum,
1102 2292 1202 2357 filium

81 2377 167 2462 regis
194 2374 333 2459 Rudolfi,
366 2385 583 2442 evocaverunt
612 2386 644 2442 et
675 2385 711 2441 ut
742 2399 877 2462 regnum
912 2375 1071 2442 obtineret
1098 2377 1203 2441 horta-

80 2461 209 2526 bantur.
254 2459 328 2543 Qui,
355 2462 498 2526 exercitu
520 2461 649 2546 copIoso
672 2461 823 2543 adunato,
852 2483 926 2527 cum
947 2462 1027 2547 ipsis
1049 2461 1203 2525 municio-

82 2567 157 2611 nem
180 2545 341 2630 quandam
363 2566 462 2630 regno
485 2547 691 2610 attinentem²
723 2546 891 2612 obsidione
914 2545 1204 2615 circumdederunt.

86 2627 152 2694 Sed
177 2628 314 2693 Adolfus
346 2652 405 2694 rex
437 2629 500 2693 hiis
533 2630 702 2696 eventibus
730 2632 862 2695 minimo
893 2631 1092 2717 perterritus,
1130 2652 1203 2694 cum

84 2712 185 2778 multa
214 2711 343 2799 sequela
371 2722 565 2778 armatorum
596 2737 651 2780 eos
679 2715 812 2780 invadit.
861 2716 977 2801 Pugna
1004 2737 1081 2780 vero
1113 2715 1204 2798 inita,

86 2795 220 2863 Adolfus
240 2819 301 2861 rex
321 2797 367 2862 ibi
385 2797 511 2874 cecIdit,
533 2798 671 2863 etmulti
686 2801 806 2884 captivi
821 2799 1035 2867 abducuntur.
1069 2797 1205 2864 Cometa

88 2883 198 2970 prius⁰
219 2904 279 2966 per
300 2879 386 2944 idem
408 2891 535 2966 tempus
556 2883 629 2946 visa
651 2891 708 2948 est.

168 2964 287 3030 Adolfo
308 2986 385 3050 rege
406 2966 583 3047 interfecto,
605 2988 683 3034 mox
704 2967 866 3052 principes
882 2966 1055 3032 Germanic
1069 2967 1205 3052 Mogun-

88 3052 154 3115 cic³
176 3050 364 3134 congregati
379 3048 589 3115 Adalbertum
613 3050 729 3118 ducem
743 3051 874 3115 Austris
893 3053 927 3114 in
941 3074 1049 3137 regem
1073 3051 1204 3138 eligunt,

90 3135 143 3221 qui
163 3155 183 3198 a
204 3131 378 3200 Wicboldo
406 3131 513 3198 archie
539 3135 649 3219 iscopo
674 3133 858 3200 Coloniensi
879 3135 1078 3221 Aquisgrani
1107 3157 1204 3200 nona-

89 3219 208 3304 gesImo
237 3217 377 3283 secundo
404 3217 474 3282 loco
504 3157 545 3282 ab
568 3220 715 3304 Augusto
747 3219 782 3282 in
807 3240 918 3304 regern
946 3229 994 3301 est
1023 3229 1202 3285 coronatus.

88 3305 151 3368 Hic
178 3312 252 3388 post
278 3323 369 3366 suam
403 3303 647 3367 coronacionem
679 3303 839 3388 insignem
872 3304 994 3367 curiam
1022 3302 1206 3388 Nurinberg

91 3388 213 3470 indixit,
242 3385 403 3472 adquam
425 3385 517 3450 multi
538 3388 702 3473 principes
725 3396 959 3470 convenerunt3
990 3386 1046 3451 ubi
1074 3397 1107 3452 et
1132 3386 1205 3474 plus

92 3493 184 3559 quem
212 3493 270 3536 sex
304 3472 393 3536 milia
423 3469 562 3535 militum
588 3483 774 3537 asseruntur
799 3471 906 3536 fuisse.
962 3471 1069 3536 Causa
1097 3481 1205 3536 autem

91 3564 172 3620 tante
210 3554 441 3640 solempnitatis
475 3555 582 3620 extitit
617 3557 788 3621 coronacio
824 3557 934 3620 uxoris
969 3557 1070 3641 regis,
1106 3577 1203 3655 quam

7 3645 9 3670 I
93 3650 123 3704 et
145 3638 337 3704 Wicboldus
366 3639 565 3705 Coloniensis
595 3639 858 3726 archiepiscopus
890 3639 1011 3705 ibidem
1043 3649 1139 3705 unxit
1169 3643 1204 3706 in

92 3723 240 3808 reginam.

170 3807 232 3872 Per
263 3806 349 3871 idem
382 3816 510 3894 tempus
542 3829 601 3872 rex
633 3808 811 3891 Danorum,
843 3829 902 3872 rex
934 3810 1113 3895 Norwegie,
1145 3832 1204 3876 rex
1214 3829 1283 3873 nn.

95 3889 267 3973 Succhiel,
299 3890 442 3956 marchio
473 3892 796 3977 Brandenburgensis
834 3901 866 3958 et
899 3914 1009 3958 omnes
1041 3894 1204 3980 principes

95 4052 116 4107 ι)
130 4055 280 4096 ellecclcnec.
312 4053 336 4106 b)
352 4055 510 4096 Bethardusc.
548 4052 569 4108 c)
584 4057 658 4108 itam
672 4057 819 4099 aaronem:
835 4067 880 4108 eyn
896 4057 963 4109 cleyn
980 4062 1075 4101 corneto.
1107 4057 1130 4110 d)
1146 4057 1204 4100 itae.

98 4225 122 4285 1)
141 4221 178 4289 Ψ.
198 4223 284 4276 Notas
311 4221 381 4288 cor,
404 4223 453 4276 SS.
474 4224 579 4289 XXIV,
604 4241 636 4293 p.
662 4227 724 4278 365.
800 4225 829 4292 2)
848 4223 932 4278 Alzei.
1007 4225 1037 4293 3)
1058 4223 1206 4277 Oenomaus

97 4295 262 4364 Mogentiana
286 4298 342 4349 iam
366 4307 427 4351 enta
450 4315 571 4366 pugnam
596 4301 671 4366 opud
691 4300 820 4354 caltham
846 4300 1009 4352 commiscum
1035 4298 1141 4350 habitus
1167 4300 1208 4350 eet

97 4367 153 4420 Itur.
173 4370 232 4432 234
253 4371 301 4423 ced
318 4371 417 4423 iterata
436 4380 473 4424 est
491 4371 579 4425 electio
598 4373 775 4442 Francosarti
793 4373 846 4426 Iul.
867 4373 911 4425 27.
