3122 4978
284 366 338 417 204
386 364 574 418 cflssonlce
592 363 704 415 REGIA
725 360 979 418 COLONIENSIS.
1000 359 1103 412 CONT.
1123 359 1177 412 111.
1195 359 1322 412 01203.

686 533 854 588 Becensio
872 533 896 586 I.
916 541 940 586 et
958 532 1000 584 11.

286 626 419 704 ditione,
463 624 530 688 uod
552 623 647 708 apud
670 621 986 706 Constantinopolim
1000 643 1125 685 moram
1140 619 1330 685 nullatenus
1343 618 1405 705 fa·

287 716 391 774 cerem
413 647 502 771 ullra
524 728 672 786 mensem,
687 708 757 771 nisi
770 706 934 770 voluntate
949 728 1012 769 sua
1024 707 1173 790 propria
1190 715 1409 770 morarentur.

285 795 493 877 Responsum
515 800 560 856 est
582 793 638 872 eis,
660 791 749 874 quod
770 790 875 854 brevis
905 798 1071 868 [moraefl]
1098 791 1215 854 mentio
1232 789 1409 875 publicata

287 899 354 942 non
370 885 441 939 erat
455 875 547 940 nolis
562 877 759 955 necessaria,
774 876 857 958 quia
870 872 966 938 Greci
980 896 1040 938 nos
1054 872 1409 958 minvsformidarent,

286 963 317 1026 si
330 961 436 1024 brevis
450 982 560 1024 morae
571 961 724 1044 spacium
740 960 965 1043 presciretnr,·
989 967 1130 1022 attamen
1153 959 1411 1041 impetraverunt

287 1069 309 1109 a
331 1043 434 1125 nobis,
458 1053 494 1108 nt
515 1044 554 1107 de
576 1065 670 1107 mora
691 1041 793 1106 solius
815 1044 935 1106 mensis
957 1043 1003 1106 eis
1024 1044 1186 1106 securitas
1202 1050 1411 1126 prestaretur

286 1131 324 1194 in
341 1127 477 1214 palam,·
500 1136 530 1193 et
550 1129 599 1191 ita
611 1127 745 1210 factum
766 1136 820 1190 est.
867 1123 938 1200 Quo
951 1128 1059 1210 facto,
1080 1127 1210 1191 invenis
1230 1128 1411 1210 imperator

311 1213 439 1276 romisit
452 1210 556 1291 nobie,
573 1211 661 1294 quod
674 1212 734 1274 toti
747 1211 905 1274 evmoitvi
918 1219 1026 1274 nostro
1036 1232 1103 1295 per
1114 1233 1240 1274 annum
1250 1210 1411 1274 victualia

283 1236 469 1381 Carpiretur
497 1297 663 1379 inteprum
685 1304 714 1357 et
735 1294 822 1379 quod
845 1293 885 1356 10
906 1293 1002 1358 milia
1023 1292 1162 1358 militum
1185 1293 1231 1358 ad
1260 1295 1409 1358 annum1⁸
1447 1334 1451 1342 ·

288 1379 432 1446 Sanctae
456 1381 575 1443 Terrae
596 1400 788 1442 succursum
811 1378 857 1441 ad
878 1386 1041 1478 sumptas⁰
1063 1400 1140 1443 snos
1167 1378 1313 1459 laberet,·
1329 1401 1411 1462 pro·

288 1464 378 1527 misit
399 1464 493 1542 enim,
516 1462 675 1548 quamdin
696 1463 815 1526 viveret
843 1462 889 1525 ad
918 1462 1084 1547 stipendia
1106 1485 1171 1526 sua
1193 1464 1283 1526 sein
1308 1463 1412 1528 Terra

292 1547 421 1612 Sancta
436 1546 499 1610 500
520 1546 636 1611 milites
651 1546 851 1626 habiturum,
873 1555 903 1611 et
916 1547 1004 1631 quod
1019 1546 1098 1610 duci
1116 1547 1224 1611 Vendi
1241 1546 1302 1610 100
1316 1547 1411 1611 milia

291 1653 480 1696 marcarum
512 1633 646 1715 arpenti
680 1639 710 1694 et
747 1629 878 1694 totidem
910 1631 1069 1694 evercitui
1105 1640 1215 1694 nostro
1252 1641 1411 1717 eroparet.

293 1714 419 1790 Quibus
452 1716 638 1798 compositis
668 1724 698 1777 et
730 1716 893 1778 communi
925 1714 1087 1779 utilitated
1119 1717 1289 1795 concessis,
1311 1738 1413 1779 naves

290 1807 422 1863 nostras
445 1799 689 1862 conscendimus
698 1810 721 1878 0,
743 1799 861 1862 deliine
877 1801 922 1864 ad
931 1808 1067 1883 portum
1078 1799 1285 1863 Bucceaviae
1301 1809 1411 1863 octavo

290 1883 342 1947 die
380 1881 587 1968 applicantes
594 1905 607 1963 ;
638 1882 678 1946 al
715 1905 750 1946 eo
778 1882 847 1947 loco
878 1882 939 1946 100
973 1881 1059 1947 leuce
1096 1882 1413 1968 Constantinopolim

289 1988 392 2051 usque
407 1975 624 2031 numerantur
630 1989 642 2048 ;
660 1991 680 2028 a
690 1975 794 2050 portu
808 1989 883 2030 vero
898 1968 960 2030 isto
980 1988 1081 2052 usque
1098 1966 1311 2031 Constantino
1338 1967 1413 2032 olim

287 2072 351 2136 per
371 2052 519 2115 strictum
540 2072 630 2115 mare
652 2060 682 2113 et
702 2050 851 2114 velociter
872 2074 1007 2115 currens
1027 2053 1201 2114 transitur.
1245 1991 1334 2116 IndiJ
1348 2074 1414 2136 per

290 2134 376 2199 illud
402 2134 531 2219 fretum
570 2135 786 2221 navipantes,
826 2137 1043 2199 transivimus
1080 2135 1264 2199 Brachium
1298 2137 1414 2200 'sancti

292 2217 430 2305 Georpii
451 2228 480 2281 et
496 2217 648 2304 ponnus
672 2221 816 2303 cepimus
839 2219 883 2282 ad
897 2219 1034 2300 firmam
1056 2227 1178 2282 terram
1204 2241 1314 2283 versas
1340 2221 1414 2285 Yco-

291 2306 395 2383 nium,
417 2305 476 2388 qui
494 2313 613 2386 portus
634 2303 736 2366 distat
758 2325 779 2366 a
794 2299 1110 2386 Constantinopolim
1126 2326 1196 2366 una
1211 2302 1313 2367 kasa.
1347 2304 1413 2368 Ili-

290 2389 362 2452 dem
391 2389 577 2472 stupuimus
606 2385 701 2450 valde
735 2387 945 2450 ammirantes
976 2407 1076 2471 snper
1109 2387 1177 2467 loc,
1208 2388 1295 2471 qnod
1322 2409 1413 2452 nemo

292 2473 482 2551 amicorum,
497 2492 588 2534 nemo
598 2479 778 2554 parentum
793 2471 922 2534 iuvenis
936 2473 1157 2554 imperatoris,
1174 2473 1232 2555 qui
1247 2472 1414 2537 nobiscum

292 2563 373 2635 erat,
397 2577 453 2618 seu
476 2553 600 2639 aliquis
622 2556 765 2618 nuncius
787 2577 898 2618 eorum
913 2559 1001 2620 venit
1017 2554 1062 2618 ad
1077 2576 1159 2635 evm,
1174 2557 1234 2639 qui
1249 2557 1279 2618 ei
1293 2566 1414 2621 statum

294 2637 579 2723 Constantinopoli
600 2637 793 2702 declararet.
830 2638 908 2701 Non
922 2642 1086 2718 maraine
1111 2647 1221 2702 orator
1239 2641 1415 2724 imperium

292 2733 402 2786 tenens
425 2721 503 2785 duci
542 2722 649 2786 Veneti
657 2731 681 2803 t,
711 2723 907 2802 marchioni,
937 2725 1046 2795 comiti
1066 2661 1276 2803 duserensi,
1306 2727 1416 2790 comiti

291 2806 463 2870 Ludewico
486 2813 514 2869 et
535 2805 629 2869 nobis
650 2811 790 2870 nuncios
811 2806 906 2870 suosh
922 2807 1108 2871 destinavit.
1140 2807 1212 2871 Nos
1226 2830 1301 2872 vero
1317 2831 1416 2874 secrc-

292 2899 360 2953 tnm
381 2891 468 2952 inter
489 2911 548 2952 nos
563 2893 711 2954 ineuntes
726 2889 910 2970 consiliam,
927 2892 1084 2971 divinius,
1106 2892 1194 2977 quod
1206 2893 1416 2975 imperatoris

293 2975 433 3038 nuncios
453 2973 642 3037 nullatenus
665 2973 865 3056 audiremus,
886 2977 955 3038 nisi
974 2977 1076 3058 prius
1105 2998 1138 3040 se
1168 2975 1208 3039 al
1230 2977 1416 3060 imperialis

293 3057 449 3122 oatleedra
465 3058 638 3142 deponeret
658 3059 848 3138 maiestatis,
872 3058 967 3121 aliter
988 3060 1098 3143 ipsum
1118 3057 1167 3122 vcl
1189 3061 1259 3123 eins
1274 3063 1416 3126 nuncios

294 3163 502 3227 nequaquam
525 3142 794 3206 auscultaremus.
837 3142 1047 3206 Nolebamus¹
1078 3144 1174 3222 enim,
1203 3145 1295 3228 quod
1318 3143 1417 3210 Croci

294 3247 354 3289 nos
369 3227 558 3289 munoribus
582 3235 810 3310 attemptarent
831 3226 881 3289 vel
901 3225 1073 3291 mollirent.
1116 3228 1252 3291 Interim
1272 3230 1415 3312 impera-

293 3313 374 3374 toris
395 3311 556 3375 coercitus
577 3312 615 3373 in
636 3310 741 3374 littore
764 3309 857 3374 nolis
884 3312 1032 3395 opposito
1056 3320 1203 3395 paratus
1230 3322 1302 3376 erat
1323 3313 1417 3378 nolis

294 3395 470 3458 transitum
498 3395 653 3474 inhibere,
683 3395 851 3458 ostendens
879 3396 1099 3458 animositatis
1127 3398 1315 3481 pmapinem
1337 3420 1414 3481 pre-

294 3477 405 3542 liandi
426 3479 601 3542 nobiscnm.
650 3475 743 3551 Quod
764 3479 919 3559 videntes,
942 3478 988 3541 ad
1034 3488 1214 3544 secutorum
1231 3489 1419 3546 nostrornm

295 3563 502 3626 cucurrimus
531 3562 775 3645 corefessionem,
804 3564 841 3627 in
867 3561 933 3626 Dei
964 3501 1067 3627 solium
1094 3565 1322 3629 misericordia
1343 3589 1417 3630 con-

288 3647 437 3728 fldentes.
479 3645 596 3710 Postea
625 3655 756 3710 nostras
785 3647 1015 3711 ordinavimus
1034 3669 1191 3732 pupnas,·
1213 3648 1329 3712 deinde
1357 3672 1418 3714 nos

295 3752 403 3794 omnes
436 3733 559 3794 armati
578 3731 776 3794 intravimus
798 3753 898 3794 naves
928 3733 1064 3795 asarias
1087 3740 1115 3794 et
1141 3730 1304 3816 poleidas,
1332 3755 1416 3817 quae

293 3836 378 3878 vasa
399 3815 535 3898 navipio
559 3823 640 3896 apta
661 3813 724 3877 200
745 3837 878 3878 numero
891 3812 1038 3899 fuerunt
1053 3825 1167 3899 preter
1191 3817 1365 3881 naviculas
1387 3826 1416 3881 et

295 3897 428 3981 haspas.
485 3895 564 3962 Cum
596 3918 671 3961 vero
697 3897 767 3961 Deo
797 3899 932 3963 ducente
964 3897 1054 3962 ultra
1072 3898 1207 3984 fuimus
1240 3899 1417 3986 applicati,

296 4003 404 4046 omnes
427 3978 534 4062 Greci,
555 3983 615 4080 qui
630 3991 847 4045 convenerant
861 3991 898 4045 nt
911 3984 1089 4046 transitum
1103 3983 1196 4048 nolis
1210 3984 1416 4068 impedirent,

297 4068 347 4130 ita
374 4064 440 4130 Dei
470 4074 585 4150 pratia
613 4088 634 4128 a
663 4065 755 4129 nolis
785 4064 991 4153 elonparnnt‚
1018 4068 1107 4151 quod
1136 4068 1277 4153 aliquem
1306 4091 1418 4134 eornm

295 4242 320 4297 a)
334 4246 367 4286 ita
382 4246 418 4296 M,-
433 4247 488 4286 deest
503 4247 563 4289 coda.
591 4265 594 4273 ·
639 4245 663 4298 b)
680 4246 801 4288 annuum?
883 4245 904 4298 o)
921 4249 1024 4296 sumptos
1040 4249 1088 4287 Bl.
1105 4250 1125 4290 2.
1210 4247 1234 4300 d)
1249 4249 1370 4290 voluntate
1386 4249 1417 4291 11.

295 4303 318 4417 ὃ)
330 4307 500 4410 pppcppddingtp
515 4306 565 4346 131.
582 4306 602 4346 8.
619 4306 660 4348 01.
677 4307 698 4348 8.
736 4305 757 4359 1)
772 4310 919 4357 perportant
935 4307 980 4345 Bl.
1028 4306 1052 4359 ς)
1068 4309 1180 4350 Venetiae
1196 4307 1226 4350 11.
1264 4305 1289 4358 h)
1305 4308 1361 4348 mest
1377 4309 1420 4350 02.
