<?xml version="1.0" encoding="UTF-8"?>
<!DOCTYPE html PUBLIC "-//W3C//DTD XHTML 1.0 Transitional//EN"
    "http://www.w3.org/TR/xhtml1/DTD/xhtml1-transitional.dtd">
<html xmlns="http://www.w3.org/1999/xhtml" xml:lang="en" lang="en">
 <head>
  <title>
</title>
<meta http-equiv="Content-Type" content="text/html;charset=utf-8" />
  <meta name='ocr-system' content='tesseract 3.04.00' />
  <meta name='ocr-capabilities' content='ocr_page ocr_carea ocr_par ocr_line ocrx_word'/>
</head>
<body>
  <div class='ocr_page' id='page_1' title='image "./chronicaregiaco00germgoog_0301.png"; bbox 0 0 3098 4982; ppageno 0'>
   <div class='ocr_carea' id='block_1_1' title="bbox 186 369 1217 424">
    <p class='ocr_par' dir='ltr' id='par_1_1' title="bbox 186 369 1217 424">
     <span class='ocr_line' id='line_1_1' title="bbox 186 369 1217 424; baseline -0.002 -2"><span class='ocrx_word' id='word_1_1' title='bbox 186 371 373 424; x_wconf 79' lang='lat' dir='ltr'>CHRONIOA</span> <span class='ocrx_word' id='word_1_2' title='bbox 394 370 506 422; x_wconf 76' lang='lat' dir='ltr'>altem</span> <span class='ocrx_word' id='word_1_3' title='bbox 528 369 777 423; x_wconf 79' lang='lat' dir='ltr'>COLONIENSIS.</span> <span class='ocrx_word' id='word_1_4' title='bbox 799 371 902 424; x_wconf 84' lang='lat' dir='ltr'>CONT.</span> <span class='ocrx_word' id='word_1_5' title='bbox 914 372 960 424; x_wconf 83' lang='lat' dir='ltr'>IV.</span> <span class='ocrx_word' id='word_1_6' title='bbox 980 372 1011 423; x_wconf 76' lang='lat' dir='ltr'>A.</span> <span class='ocrx_word' id='word_1_7' title='bbox 1025 371 1104 424; x_wconf 80' lang='lat'>1237.</span> <span class='ocrx_word' id='word_1_8' title='bbox 1166 371 1217 422; x_wconf 77' lang='lat'>271</span> 
     </span>
    </p>
   </div>
   <div class='ocr_carea' id='block_1_2' title="bbox 10 534 1270 3490">
    <p class='ocr_par' dir='ltr' id='par_1_2' title="bbox 97 534 1221 1044">
     <span class='ocr_line' id='line_1_2' title="bbox 97 534 1219 686; baseline -0.001 -80"><span class='ocrx_word' id='word_1_9' title='bbox 97 539 252 609; x_wconf 83' lang='lat' dir='ltr'>evocatis.</span> <span class='ocrx_word' id='word_1_10' title='bbox 301 534 364 604; x_wconf 89' lang='lat' dir='ltr'>Ubi</span> <span class='ocrx_word' id='word_1_11' title='bbox 393 560 466 602; x_wconf 90' lang='lat' dir='ltr'>cum</span> <span class='ocrx_word' id='word_1_12' title='bbox 493 537 623 623; x_wconf 89' lang='lat' dir='ltr'>quidam</span> <span class='ocrx_word' id='word_1_13' title='bbox 652 538 815 686; x_wconf 84' lang='lat' dir='ltr'>principes</span> <span class='ocrx_word' id='word_1_14' title='bbox 844 541 1078 624; x_wconf 89' lang='lat' dir='ltr'>convenissent,</span> <span class='ocrx_word' id='word_1_15' title='bbox 1111 541 1152 606; x_wconf 90' lang='lat' dir='ltr'>ab</span> <span class='ocrx_word' id='word_1_16' title='bbox 1181 563 1219 607; x_wconf 92' lang='lat' dir='ltr'>eo</span> 
     </span>
     <span class='ocr_line' id='line_1_3' title="bbox 98 622 1219 690; baseline 0 -1"><span class='ocrx_word' id='word_1_17' title='bbox 98 625 143 690; x_wconf 90' lang='lat' dir='ltr'>ad</span> <span class='ocrx_word' id='word_1_18' title='bbox 172 624 356 688; x_wconf 86' lang='lat' dir='ltr'>convivium</span> <span class='ocrx_word' id='word_1_19' title='bbox 388 623 573 688; x_wconf 74' lang='lat' dir='ltr'><strong>invitantur.</strong></span> <span class='ocrx_word' id='word_1_20' title='bbox 617 622 656 686; x_wconf 80' lang='lat' dir='ltr'>Fi</span> <span class='ocrx_word' id='word_1_21' title='bbox 669 623 737 686; x_wconf 89' lang='lat' dir='ltr'>ium</span> <span class='ocrx_word' id='word_1_22' title='bbox 772 625 873 686; x_wconf 87' lang='lat' dir='ltr'>eciam</span> <span class='ocrx_word' id='word_1_23' title='bbox 905 646 998 688; x_wconf 93' lang='lat' dir='ltr'>suum</span> <span class='ocrx_word' id='word_1_24' title='bbox 1032 623 1219 690; x_wconf 84' lang='lat' dir='ltr'>Conradum</span> 
     </span>
     <span class='ocr_line' id='line_1_4' title="bbox 98 705 1220 796; baseline 0 -23"><span class='ocrx_word' id='word_1_25' title='bbox 98 708 207 774; x_wconf 91' lang='lat' dir='ltr'>adhuc</span> <span class='ocrx_word' id='word_1_26' title='bbox 218 729 365 796; x_wconf 91' lang='lat' dir='ltr'>puerum,</span> <span class='ocrx_word' id='word_1_27' title='bbox 379 708 469 792; x_wconf 90' lang='lat' dir='ltr'>prius</span> <span class='ocrx_word' id='word_1_28' title='bbox 484 707 518 769; x_wconf 94' lang='lat' dir='ltr'>in</span> <span class='ocrx_word' id='word_1_29' title='bbox 525 707 657 771; x_wconf 85' lang='lat' dir='ltr'>Austria</span> <span class='ocrx_word' id='word_1_30' title='bbox 668 728 778 793; x_wconf 90' lang='lat' dir='ltr'>regem</span> <span class='ocrx_word' id='word_1_31' title='bbox 790 705 969 773; x_wconf 88' lang='lat' dir='ltr'>Theutonie</span> <span class='ocrx_word' id='word_1_32' title='bbox 984 709 1188 794; x_wconf 88' lang='lat' dir='ltr'>designatum</span> <span class='ocrx_word' id='word_1_33' title='bbox 1198 723 1220 791; x_wconf 87' lang='lat'>¹,</span> 
     </span>
     <span class='ocr_line' id='line_1_5' title="bbox 100 789 1220 878; baseline 0.004 -22"><span class='ocrx_word' id='word_1_34' title='bbox 100 793 206 858; x_wconf 91' lang='lat' dir='ltr'>denuo</span> <span class='ocrx_word' id='word_1_35' title='bbox 229 791 269 856; x_wconf 93' lang='lat' dir='ltr'>ab</span> <span class='ocrx_word' id='word_1_36' title='bbox 292 793 393 878; x_wconf 74' lang='lat' dir='ltr'>ipsis⁸</span> <span class='ocrx_word' id='word_1_37' title='bbox 416 791 539 876; x_wconf 82' lang='lat' dir='ltr'>optinet</span> <span class='ocrx_word' id='word_1_38' title='bbox 560 811 579 853; x_wconf 94' lang='lat' dir='ltr'>a</span> <span class='ocrx_word' id='word_1_39' title='bbox 603 789 741 876; x_wconf 90' lang='lat' dir='ltr'>probari.</span> <span class='ocrx_word' id='word_1_40' title='bbox 785 791 948 857; x_wconf 89' lang='lat' dir='ltr'>Ducatum</span> <span class='ocrx_word' id='word_1_41' title='bbox 971 794 1073 857; x_wconf 90' lang='lat' dir='ltr'>eciam</span> <span class='ocrx_word' id='word_1_42' title='bbox 1088 794 1220 860; x_wconf 84' lang='lat' dir='ltr'>Austrie</span> 
     </span>
     <span class='ocr_line' id='line_1_6' title="bbox 99 875 1220 964; baseline 0 -22"><span class='ocrx_word' id='word_1_43' title='bbox 99 886 133 942; x_wconf 92' lang='lat' dir='ltr'>et</span> <span class='ocrx_word' id='word_1_44' title='bbox 156 877 253 942; x_wconf 86' lang='lat' dir='ltr'>Stirie</span> <span class='ocrx_word' id='word_1_45' title='bbox 274 875 362 962; x_wconf 92' lang='lat' dir='ltr'>apud</span> <span class='ocrx_word' id='word_1_46' title='bbox 377 876 552 941; x_wconf 88' lang='lat' dir='ltr'>Wiennam</span> <span class='ocrx_word' id='word_1_47' title='bbox 597 896 712 939; x_wconf 90' lang='lat' dir='ltr'>omanc</span> <span class='ocrx_word' id='word_1_48' title='bbox 733 876 869 960; x_wconf 90' lang='lat' dir='ltr'>imperio</span> <span class='ocrx_word' id='word_1_49' title='bbox 891 876 1061 959; x_wconf 89' lang='lat' dir='ltr'>adiecerat,</span> <span class='ocrx_word' id='word_1_50' title='bbox 1084 899 1220 964; x_wconf 90' lang='lat' dir='ltr'>quorum</span> 
     </span>
     <span class='ocr_line' id='line_1_7' title="bbox 98 959 1221 1044; baseline 0 -17"><span class='ocrx_word' id='word_1_51' title='bbox 98 961 240 1027; x_wconf 89' lang='lat' dir='ltr'>valentia</span> <span class='ocrx_word' id='word_1_52' title='bbox 261 959 456 1044; x_wconf 66' lang='lat' dir='ltr'><strong>transcendit</strong></span> <span class='ocrx_word' id='word_1_53' title='bbox 484 961 653 1043; x_wconf 71' lang='lat' dir='ltr'>sexaginta</span> <span class='ocrx_word' id='word_1_54' title='bbox 678 981 860 1023; x_wconf 89' lang='lat' dir='ltr'>marcarum</span> <span class='ocrx_word' id='word_1_55' title='bbox 890 959 1000 1024; x_wconf 69' lang='lat' dir='ltr'>miliab</span> <span class='ocrx_word' id='word_1_56' title='bbox 1024 964 1221 1028; x_wconf 81' lang='lat' dir='ltr'>annuatim*</span> 
     </span>
    </p>

    <p class='ocr_par' dir='ltr' id='par_1_3' title="bbox 99 1041 1270 1721">
     <span class='ocr_line' id='line_1_8' title="bbox 185 1041 1221 1192; baseline 0.001 -83"><span class='ocrx_word' id='word_1_57' title='bbox 185 1043 310 1109; x_wconf 85' lang='lat' dir='ltr'>Eodem</span> <span class='ocrx_word' id='word_1_58' title='bbox 333 1067 417 1108; x_wconf 90' lang='lat' dir='ltr'>anno</span> <span class='ocrx_word' id='word_1_59' title='bbox 440 1041 618 1129; x_wconf 84' lang='lat' dir='ltr'>Templarii</span> <span class='ocrx_word' id='word_1_60' title='bbox 643 1044 867 1108; x_wconf 77' lang='lat' dir='ltr'>transmarini⁰</span> <span class='ocrx_word' id='word_1_61' title='bbox 895 1044 1057 1192; x_wconf 75' lang='lat' dir='ltr'>quoddam</span> <span class='ocrx_word' id='word_1_62' title='bbox 1081 1056 1221 1112; x_wconf 84' lang='lat' dir='ltr'>castrum</span> 
     </span>
     <span class='ocr_line' id='line_1_9' title="bbox 100 1127 1221 1215; baseline 0.001 -21"><span class='ocrx_word' id='word_1_63' title='bbox 100 1152 121 1194; x_wconf 90' lang='lat' dir='ltr'>a</span> <span class='ocrx_word' id='word_1_64' title='bbox 155 1129 340 1194; x_wconf 83' lang='lat' dir='ltr'>Sarracenis</span> <span class='ocrx_word' id='word_1_65' title='bbox 376 1129 541 1192; x_wconf 85' lang='lat' dir='ltr'>obsessum</span> <span class='ocrx_word' id='word_1_66' title='bbox 578 1128 672 1192; x_wconf 88' lang='lat' dir='ltr'>iuxta</span> <span class='ocrx_word' id='word_1_67' title='bbox 706 1137 824 1192; x_wconf 90' lang='lat' dir='ltr'>terram</span> <span class='ocrx_word' id='word_1_68' title='bbox 860 1127 1042 1215; x_wconf 70' lang='lat' dir='ltr'>Haapiel·²</span> <span class='ocrx_word' id='word_1_69' title='bbox 1078 1131 1221 1196; x_wconf 83' lang='lat' dir='ltr'>volentes</span> 
     </span>
     <span class='ocr_line' id='line_1_10' title="bbox 99 1210 1220 1302; baseline 0.003 -25"><span class='ocrx_word' id='word_1_70' title='bbox 99 1214 270 1295; x_wconf 81' lang='lat' dir='ltr'><strong>redimere,</strong></span> <span class='ocrx_word' id='word_1_71' title='bbox 304 1212 391 1298; x_wconf 90' lang='lat' dir='ltr'>quod</span> <span class='ocrx_word' id='word_1_72' title='bbox 418 1212 459 1276; x_wconf 90' lang='lat' dir='ltr'>ad</span> <span class='ocrx_word' id='word_1_73' title='bbox 481 1232 537 1276; x_wconf 89' lang='lat' dir='ltr'>eos</span> <span class='ocrx_word' id='word_1_74' title='bbox 565 1210 755 1297; x_wconf 84' lang='lat' dir='ltr'>pertinebat,</span> <span class='ocrx_word' id='word_1_75' title='bbox 785 1211 948 1278; x_wconf 89' lang='lat' dir='ltr'>voluntate</span> <span class='ocrx_word' id='word_1_76' title='bbox 971 1235 1029 1278; x_wconf 90' lang='lat' dir='ltr'>sua</span> <span class='ocrx_word' id='word_1_77' title='bbox 1051 1215 1220 1302; x_wconf 89' lang='lat' dir='ltr'>completa,</span> 
     </span>
     <span class='ocr_line' id='line_1_11' title="bbox 99 1294 1221 1385; baseline 0.003 -25"><span class='ocrx_word' id='word_1_78' title='bbox 99 1296 240 1382; x_wconf 87' lang='lat' dir='ltr'>Halapie</span> <span class='ocrx_word' id='word_1_79' title='bbox 255 1308 373 1362; x_wconf 88' lang='lat' dir='ltr'>terram</span> <span class='ocrx_word' id='word_1_80' title='bbox 387 1305 525 1365; x_wconf 86' lang='lat' dir='ltr'>vastant.</span> <span class='ocrx_word' id='word_1_81' title='bbox 571 1295 660 1376; x_wconf 76' lang='lat' dir='ltr'>Quos</span> <span class='ocrx_word' id='word_1_82' title='bbox 677 1294 845 1360; x_wconf 83' lang='lat' dir='ltr'>Sarraceni</span> <span class='ocrx_word' id='word_1_83' title='bbox 860 1299 894 1361; x_wconf 87' lang='lat' dir='ltr'>in</span> <span class='ocrx_word' id='word_1_84' title='bbox 908 1296 1112 1364; x_wconf 88' lang='lat' dir='ltr'>multitudine</span> <span class='ocrx_word' id='word_1_85' title='bbox 1129 1303 1221 1385; x_wconf 86' lang='lat' dir='ltr'>gravi</span> 
     </span>
     <span class='ocr_line' id='line_1_12' title="bbox 99 1380 1270 1470; baseline 0.002 -24"><span class='ocrx_word' id='word_1_86' title='bbox 99 1383 317 1468; x_wconf 83' lang='lat' dir='ltr'>inpugnantes</span> <span class='ocrx_word' id='word_1_87' title='bbox 340 1390 468 1445; x_wconf 88' lang='lat' dir='ltr'>etcum</span> <span class='ocrx_word' id='word_1_88' title='bbox 491 1381 537 1446; x_wconf 91' lang='lat' dir='ltr'>eis</span> <span class='ocrx_word' id='word_1_89' title='bbox 558 1380 812 1464; x_wconf 80' lang='lat' dir='ltr'>congredientes,</span> <span class='ocrx_word' id='word_1_90' title='bbox 845 1382 995 1447; x_wconf 91' lang='lat' dir='ltr'>occidunt</span> <span class='ocrx_word' id='word_1_91' title='bbox 1017 1381 1068 1447; x_wconf 94' lang='lat' dir='ltr'>vel</span> <span class='ocrx_word' id='word_1_92' title='bbox 1089 1385 1222 1470; x_wconf 88' lang='lat' dir='ltr'>capiunt</span> <span class='ocrx_word' id='word_1_93' title='bbox 1267 1463 1270 1467; x_wconf 15' lang='lat'><strong>⁴</strong></span> 
     </span>
     <span class='ocr_line' id='line_1_13' title="bbox 100 1463 1221 1552; baseline 0 -20"><span class='ocrx_word' id='word_1_94' title='bbox 100 1489 143 1532; x_wconf 86' lang='lat' dir='ltr'>ex</span> <span class='ocrx_word' id='word_1_95' title='bbox 165 1467 211 1531; x_wconf 90' lang='lat' dir='ltr'>eis</span> <span class='ocrx_word' id='word_1_96' title='bbox 234 1467 362 1530; x_wconf 80' lang='lat' dir='ltr'>circiter</span> <span class='ocrx_word' id='word_1_97' title='bbox 376 1475 517 1530; x_wconf 89' lang='lat' dir='ltr'>centum.</span> <span class='ocrx_word' id='word_1_98' title='bbox 550 1463 647 1530; x_wconf 89' lang='lat' dir='ltr'>Unde</span> <span class='ocrx_word' id='word_1_99' title='bbox 665 1464 762 1529; x_wconf 91' lang='lat' dir='ltr'>iidem</span> <span class='ocrx_word' id='word_1_100' title='bbox 777 1484 836 1550; x_wconf 91' lang='lat' dir='ltr'>pro</span> <span class='ocrx_word' id='word_1_101' title='bbox 852 1465 1073 1552; x_wconf 89' lang='lat' dir='ltr'>redemptione</span> <span class='ocrx_word' id='word_1_102' title='bbox 1087 1468 1221 1532; x_wconf 86' lang='lat' dir='ltr'>fratrum</span> 
     </span>
     <span class='ocr_line' id='line_1_14' title="bbox 100 1547 1221 1636; baseline 0.001 -21"><span class='ocrx_word' id='word_1_103' title='bbox 100 1573 232 1615; x_wconf 87' lang='lat' dir='ltr'>suorum</span> <span class='ocrx_word' id='word_1_104' title='bbox 256 1549 417 1636; x_wconf 90' lang='lat' dir='ltr'>supplices</span> <span class='ocrx_word' id='word_1_105' title='bbox 439 1551 571 1614; x_wconf 89' lang='lat' dir='ltr'>mittunt</span> <span class='ocrx_word' id='word_1_106' title='bbox 591 1547 712 1614; x_wconf 85' lang='lat' dir='ltr'>litteras</span> <span class='ocrx_word' id='word_1_107' title='bbox 732 1549 914 1634; x_wconf 88' lang='lat' dir='ltr'>inperatori.</span> <span class='ocrx_word' id='word_1_108' title='bbox 959 1552 1025 1632; x_wconf 73' lang='lat' dir='ltr'>Qui</span> <span class='ocrx_word' id='word_1_109' title='bbox 1045 1551 1088 1615; x_wconf 92' lang='lat' dir='ltr'>ad</span> <span class='ocrx_word' id='word_1_110' title='bbox 1110 1575 1221 1618; x_wconf 91' lang='lat' dir='ltr'>eorum</span> 
     </span>
     <span class='ocr_line' id='line_1_15' title="bbox 99 1632 800 1721; baseline -0.003 -23"><span class='ocrx_word' id='word_1_111' title='bbox 99 1635 297 1721; x_wconf 87' lang='lat' dir='ltr'>peticionem</span> <span class='ocrx_word' id='word_1_112' title='bbox 318 1657 432 1720; x_wconf 90' lang='lat' dir='ltr'>parum</span> <span class='ocrx_word' id='word_1_113' title='bbox 455 1632 573 1697; x_wconf 90' lang='lat' dir='ltr'>dicitur</span> <span class='ocrx_word' id='word_1_114' title='bbox 594 1655 664 1698; x_wconf 89' lang='lat' dir='ltr'>esse</span> <span class='ocrx_word' id='word_1_115' title='bbox 686 1643 800 1698; x_wconf 91' lang='lat' dir='ltr'>motus.</span> 
     </span>
    </p>

    <p class='ocr_par' dir='ltr' id='par_1_4' title="bbox 10 1715 1222 3490">
     <span class='ocr_line' id='line_1_16' title="bbox 185 1715 1221 1817; baseline 0.002 -34"><span class='ocrx_word' id='word_1_116' title='bbox 185 1719 371 1804; x_wconf 79' lang='lat' dir='ltr'>Inperator⁰</span> <span class='ocrx_word' id='word_1_117' title='bbox 393 1719 502 1817; x_wconf 85' lang='lat' dir='ltr'>itaque</span> <span class='ocrx_word' id='word_1_118' title='bbox 525 1717 698 1782; x_wconf 87' lang='lat' dir='ltr'>transsiens</span> <span class='ocrx_word' id='word_1_119' title='bbox 719 1715 829 1802; x_wconf 83' lang='lat' dir='ltr'>Alpes,</span> <span class='ocrx_word' id='word_1_120' title='bbox 857 1719 963 1782; x_wconf 87' lang='lat' dir='ltr'>statim</span> <span class='ocrx_word' id='word_1_121' title='bbox 986 1718 1048 1783; x_wconf 91' lang='lat' dir='ltr'>sibi</span> <span class='ocrx_word' id='word_1_122' title='bbox 1070 1719 1221 1807; x_wconf 88' lang='lat' dir='ltr'>subiugat</span> 
     </span>
     <span class='ocr_line' id='line_1_17' title="bbox 100 1800 1220 1869; baseline 0.003 -3"><span class='ocrx_word' id='word_1_123' title='bbox 100 1801 293 1867; x_wconf 87' lang='lat' dir='ltr'>Mantuanos</span> <span class='ocrx_word' id='word_1_124' title='bbox 320 1812 352 1867; x_wconf 91' lang='lat' dir='ltr'>et</span> <span class='ocrx_word' id='word_1_125' title='bbox 379 1810 552 1868; x_wconf 81' lang='lat' dir='ltr'>comrtem³</span> <span class='ocrx_word' id='word_1_126' title='bbox 580 1801 619 1866; x_wconf 92' lang='lat' dir='ltr'>de</span> <span class='ocrx_word' id='word_1_127' title='bbox 648 1800 767 1866; x_wconf 86' lang='lat' dir='ltr'>Sancto</span> <span class='ocrx_word' id='word_1_128' title='bbox 790 1800 974 1867; x_wconf 76' lang='lat' dir='ltr'>Bonel&#39;acio.</span> <span class='ocrx_word' id='word_1_129' title='bbox 1018 1804 1136 1868; x_wconf 87' lang='lat' dir='ltr'>Postea</span> <span class='ocrx_word' id='word_1_130' title='bbox 1158 1805 1220 1869; x_wconf 89' lang='lat' dir='ltr'>eol-</span> 
     </span>
     <span class='ocr_line' id='line_1_18' title="bbox 99 1884 1221 1975; baseline 0.003 -25"><span class='ocrx_word' id='word_1_131' title='bbox 99 1885 185 1952; x_wconf 91' lang='lat' dir='ltr'>lecto</span> <span class='ocrx_word' id='word_1_132' title='bbox 208 1887 339 1972; x_wconf 88' lang='lat' dir='ltr'>copioso</span> <span class='ocrx_word' id='word_1_133' title='bbox 362 1887 506 1951; x_wconf 89' lang='lat' dir='ltr'>exercitu</span> <span class='ocrx_word' id='word_1_134' title='bbox 529 1885 569 1950; x_wconf 90' lang='lat' dir='ltr'>de</span> <span class='ocrx_word' id='word_1_135' title='bbox 590 1884 720 1966; x_wconf 84' lang='lat' dir='ltr'>Tuscia,</span> <span class='ocrx_word' id='word_1_136' title='bbox 747 1884 787 1949; x_wconf 90' lang='lat' dir='ltr'>de</span> <span class='ocrx_word' id='word_1_137' title='bbox 810 1885 1010 1969; x_wconf 89' lang='lat' dir='ltr'>Romoniola,</span> <span class='ocrx_word' id='word_1_138' title='bbox 1033 1886 1074 1952; x_wconf 90' lang='lat' dir='ltr'>de</span> <span class='ocrx_word' id='word_1_139' title='bbox 1094 1889 1221 1975; x_wconf 89' lang='lat' dir='ltr'>Longo-</span> 
     </span>
     <span class='ocr_line' id='line_1_19' title="bbox 99 1968 1222 2057; baseline 0.003 -21"><span class='ocrx_word' id='word_1_140' title='bbox 99 1969 223 2053; x_wconf 89' lang='lat' dir='ltr'>bardia,</span> <span class='ocrx_word' id='word_1_141' title='bbox 246 1980 278 2036; x_wconf 86' lang='lat' dir='ltr'>et</span> <span class='ocrx_word' id='word_1_142' title='bbox 299 1970 445 2057; x_wconf 87' lang='lat' dir='ltr'>pluribus</span> <span class='ocrx_word' id='word_1_143' title='bbox 468 1969 662 2051; x_wconf 85' lang='lat' dir='ltr'>Sarracenis,</span> <span class='ocrx_word' id='word_1_144' title='bbox 695 1968 820 2033; x_wconf 86' lang='lat' dir='ltr'>invadit</span> <span class='ocrx_word' id='word_1_145' title='bbox 840 1969 919 2034; x_wconf 87' lang='lat' dir='ltr'>fines</span> <span class='ocrx_word' id='word_1_146' title='bbox 942 1970 1167 2037; x_wconf 88' lang='lat' dir='ltr'>Brixianorum</span> <span class='ocrx_word' id='word_1_147' title='bbox 1189 1984 1222 2039; x_wconf 92' lang='lat' dir='ltr'>et</span> 
     </span>
     <span class='ocr_line' id='line_1_20' title="bbox 100 2052 1221 2143; baseline 0.004 -25"><span class='ocrx_word' id='word_1_148' title='bbox 100 2065 240 2120; x_wconf 88' lang='lat' dir='ltr'>castrum</span> <span class='ocrx_word' id='word_1_149' title='bbox 263 2054 425 2142; x_wconf 88' lang='lat' dir='ltr'>quoddam</span> <span class='ocrx_word' id='word_1_150' title='bbox 447 2054 534 2143; x_wconf 90' lang='lat' dir='ltr'>quod</span> <span class='ocrx_word' id='word_1_151' title='bbox 553 2054 670 2118; x_wconf 89' lang='lat' dir='ltr'>dicitur</span> <span class='ocrx_word' id='word_1_152' title='bbox 684 2052 943 2118; x_wconf 74' lang='lat' dir='ltr'>Mons-clarusf·⁴</span> <span class='ocrx_word' id='word_1_153' title='bbox 964 2056 1056 2122; x_wconf 87' lang='lat' dir='ltr'>iuxta</span> <span class='ocrx_word' id='word_1_154' title='bbox 1075 2057 1221 2122; x_wconf 89' lang='lat' dir='ltr'>Brixiam</span> 
     </span>
     <span class='ocr_line' id='line_1_21' title="bbox 102 2137 1220 2226; baseline 0.001 -21"><span class='ocrx_word' id='word_1_155' title='bbox 102 2139 239 2223; x_wconf 87' lang='lat' dir='ltr'>obsidet,</span> <span class='ocrx_word' id='word_1_156' title='bbox 275 2149 307 2204; x_wconf 87' lang='lat' dir='ltr'>et</span> <span class='ocrx_word' id='word_1_157' title='bbox 339 2140 440 2226; x_wconf 90' lang='lat' dir='ltr'>captis</span> <span class='ocrx_word' id='word_1_158' title='bbox 473 2137 559 2202; x_wconf 87' lang='lat' dir='ltr'>mille</span> <span class='ocrx_word' id='word_1_159' title='bbox 586 2139 769 2223; x_wconf 90' lang='lat' dir='ltr'>quingentis</span> <span class='ocrx_word' id='word_1_160' title='bbox 795 2140 951 2223; x_wconf 83' lang='lat' dir='ltr'>personis,</span> <span class='ocrx_word' id='word_1_161' title='bbox 984 2150 1124 2205; x_wconf 90' lang='lat' dir='ltr'>castrum</span> <span class='ocrx_word' id='word_1_162' title='bbox 1154 2140 1220 2206; x_wconf 92' lang='lat' dir='ltr'>solo</span> 
     </span>
     <span class='ocr_line' id='line_1_22' title="bbox 101 2221 1219 2310; baseline 0.003 -22"><span class='ocrx_word' id='word_1_163' title='bbox 101 2235 248 2310; x_wconf 88' lang='lat' dir='ltr'>coequat.</span> <span class='ocrx_word' id='word_1_164' title='bbox 291 2224 371 2288; x_wconf 92' lang='lat' dir='ltr'>Inde</span> <span class='ocrx_word' id='word_1_165' title='bbox 387 2245 579 2304; x_wconf 87' lang='lat' dir='ltr'>semovens,</span> <span class='ocrx_word' id='word_1_166' title='bbox 601 2221 738 2308; x_wconf 91' lang='lat' dir='ltr'>plurima</span> <span class='ocrx_word' id='word_1_167' title='bbox 753 2232 858 2286; x_wconf 89' lang='lat' dir='ltr'>castra</span> <span class='ocrx_word' id='word_1_168' title='bbox 874 2223 968 2308; x_wconf 81' lang='lat' dir='ltr'>capit.</span> <span class='ocrx_word' id='word_1_169' title='bbox 1013 2224 1159 2290; x_wconf 87' lang='lat' dir='ltr'>Tandem</span> <span class='ocrx_word' id='word_1_170' title='bbox 1182 2249 1219 2291; x_wconf 92' lang='lat' dir='ltr'>eo</span> 
     </span>
     <span class='ocr_line' id='line_1_23' title="bbox 101 2306 1220 2393; baseline 0.002 -20"><span class='ocrx_word' id='word_1_171' title='bbox 101 2307 268 2374; x_wconf 89' lang='lat' dir='ltr'>obsidente</span> <span class='ocrx_word' id='word_1_172' title='bbox 284 2319 425 2374; x_wconf 91' lang='lat' dir='ltr'>castrum</span> <span class='ocrx_word' id='word_1_173' title='bbox 441 2307 526 2393; x_wconf 92' lang='lat' dir='ltr'>quod</span> <span class='ocrx_word' id='word_1_174' title='bbox 542 2307 660 2371; x_wconf 88' lang='lat' dir='ltr'>dicitur</span> <span class='ocrx_word' id='word_1_175' title='bbox 670 2307 865 2388; x_wconf 80' lang='lat' dir='ltr'>Pons-vici⁵,</span> <span class='ocrx_word' id='word_1_176' title='bbox 875 2306 1130 2374; x_wconf 89' lang='lat' dir='ltr'>Mediolanenses</span> <span class='ocrx_word' id='word_1_177' title='bbox 1146 2332 1220 2375; x_wconf 89' lang='lat' dir='ltr'>cum</span> 
     </span>
     <span class='ocr_line' id='line_1_24' title="bbox 101 2389 1219 2480; baseline 0.002 -21"><span class='ocrx_word' id='word_1_178' title='bbox 101 2395 168 2459; x_wconf 88' lang='lat' dir='ltr'>suis</span> <span class='ocrx_word' id='word_1_179' title='bbox 195 2392 405 2480; x_wconf 92' lang='lat' dir='ltr'>complicibus</span> <span class='ocrx_word' id='word_1_180' title='bbox 438 2392 472 2456; x_wconf 93' lang='lat' dir='ltr'>in</span> <span class='ocrx_word' id='word_1_181' title='bbox 504 2414 601 2456; x_wconf 90' lang='lat' dir='ltr'>manu</span> <span class='ocrx_word' id='word_1_182' title='bbox 628 2389 736 2456; x_wconf 87' lang='lat' dir='ltr'>valida</span> <span class='ocrx_word' id='word_1_183' title='bbox 769 2401 801 2456; x_wconf 89' lang='lat' dir='ltr'>et</span> <span class='ocrx_word' id='word_1_184' title='bbox 833 2393 975 2456; x_wconf 89' lang='lat' dir='ltr'>carrocio</span> <span class='ocrx_word' id='word_1_185' title='bbox 1003 2415 1062 2458; x_wconf 90' lang='lat' dir='ltr'>suo</span> <span class='ocrx_word' id='word_1_186' title='bbox 1092 2403 1219 2461; x_wconf 90' lang='lat' dir='ltr'>strenue</span> 
     </span>
     <span class='ocr_line' id='line_1_25' title="bbox 100 2475 1220 2564; baseline 0.004 -24"><span class='ocrx_word' id='word_1_187' title='bbox 100 2480 223 2542; x_wconf 90' lang='lat' dir='ltr'>munito</span> <span class='ocrx_word' id='word_1_188' title='bbox 251 2478 427 2564; x_wconf 89' lang='lat' dir='ltr'>inperatori</span> <span class='ocrx_word' id='word_1_189' title='bbox 456 2475 608 2542; x_wconf 88' lang='lat' dir='ltr'>audacter</span> <span class='ocrx_word' id='word_1_190' title='bbox 636 2485 808 2541; x_wconf 88' lang='lat' dir='ltr'>occurrunt</span> <span class='ocrx_word' id='word_1_191' title='bbox 833 2485 865 2541; x_wconf 92' lang='lat' dir='ltr'>et</span> <span class='ocrx_word' id='word_1_192' title='bbox 892 2477 921 2540; x_wconf 93' lang='lat' dir='ltr'>ei</span> <span class='ocrx_word' id='word_1_193' title='bbox 948 2478 1108 2544; x_wconf 89' lang='lat' dir='ltr'>resistunt.</span> <span class='ocrx_word' id='word_1_194' title='bbox 1154 2478 1220 2544; x_wconf 88' lang='lat' dir='ltr'>Sed</span> 
     </span>
     <span class='ocr_line' id='line_1_26' title="bbox 102 2558 1220 2649; baseline 0 -23"><span class='ocrx_word' id='word_1_195' title='bbox 102 2584 175 2626; x_wconf 91' lang='lat' dir='ltr'>cum</span> <span class='ocrx_word' id='word_1_196' title='bbox 197 2563 243 2627; x_wconf 93' lang='lat' dir='ltr'>ibi</span> <span class='ocrx_word' id='word_1_197' title='bbox 263 2571 454 2627; x_wconf 90' lang='lat' dir='ltr'>tractaretur</span> <span class='ocrx_word' id='word_1_198' title='bbox 476 2559 516 2626; x_wconf 92' lang='lat' dir='ltr'>de</span> <span class='ocrx_word' id='word_1_199' title='bbox 538 2583 618 2646; x_wconf 90' lang='lat' dir='ltr'>paee</span> <span class='ocrx_word' id='word_1_200' title='bbox 640 2571 672 2625; x_wconf 92' lang='lat' dir='ltr'>et</span> <span class='ocrx_word' id='word_1_201' title='bbox 692 2558 785 2624; x_wconf 90' lang='lat' dir='ltr'>labor</span> <span class='ocrx_word' id='word_1_202' title='bbox 798 2559 1024 2626; x_wconf 59' lang='lat' dir='ltr'>frustraretur&amp;</span> <span class='ocrx_word' id='word_1_203' title='bbox 1033 2610 1042 2644; x_wconf 99' lang='lat'>,</span> <span class='ocrx_word' id='word_1_204' title='bbox 1057 2563 1220 2649; x_wconf 88' lang='lat' dir='ltr'>inperator</span> 
     </span>
     <span class='ocr_line' id='line_1_27' title="bbox 101 2644 1221 2726; baseline 0.002 -16"><span class='ocrx_word' id='word_1_205' title='bbox 101 2645 205 2710; x_wconf 89' lang='lat' dir='ltr'>voluit</span> <span class='ocrx_word' id='word_1_206' title='bbox 227 2667 300 2710; x_wconf 90' lang='lat' dir='ltr'>cum</span> <span class='ocrx_word' id='word_1_207' title='bbox 322 2647 368 2710; x_wconf 92' lang='lat' dir='ltr'>eis</span> <span class='ocrx_word' id='word_1_208' title='bbox 398 2644 561 2726; x_wconf 90' lang='lat' dir='ltr'>dimicare,</span> <span class='ocrx_word' id='word_1_209' title='bbox 592 2644 648 2710; x_wconf 89' lang='lat' dir='ltr'>sed</span> <span class='ocrx_word' id='word_1_210' title='bbox 675 2665 841 2708; x_wconf 90' lang='lat' dir='ltr'>accessum</span> <span class='ocrx_word' id='word_1_211' title='bbox 870 2644 912 2709; x_wconf 91' lang='lat' dir='ltr'>ad</span> <span class='ocrx_word' id='word_1_212' title='bbox 941 2667 995 2710; x_wconf 91' lang='lat' dir='ltr'>eos</span> <span class='ocrx_word' id='word_1_213' title='bbox 1017 2669 1082 2712; x_wconf 88' lang='lat' dir='ltr'>non</span> <span class='ocrx_word' id='word_1_214' title='bbox 1109 2647 1221 2713; x_wconf 88' lang='lat' dir='ltr'>habuit</span> 
     </span>
     <span class='ocr_line' id='line_1_28' title="bbox 102 2727 1219 2818; baseline 0.004 -25"><span class='ocrx_word' id='word_1_215' title='bbox 102 2738 234 2818; x_wconf 87' lang='lat' dir='ltr'>propter</span> <span class='ocrx_word' id='word_1_216' title='bbox 256 2727 327 2792; x_wconf 89' lang='lat' dir='ltr'>loca</span> <span class='ocrx_word' id='word_1_217' title='bbox 347 2731 443 2810; x_wconf 90' lang='lat' dir='ltr'>invia,</span> <span class='ocrx_word' id='word_1_218' title='bbox 467 2751 529 2814; x_wconf 91' lang='lat' dir='ltr'>que</span> <span class='ocrx_word' id='word_1_219' title='bbox 549 2729 676 2794; x_wconf 88' lang='lat' dir='ltr'>fuerant</span> <span class='ocrx_word' id='word_1_220' title='bbox 696 2729 893 2814; x_wconf 87' lang='lat' dir='ltr'>interposita,</span> <span class='ocrx_word' id='word_1_221' title='bbox 916 2739 948 2793; x_wconf 89' lang='lat' dir='ltr'>et</span> <span class='ocrx_word' id='word_1_222' title='bbox 961 2752 1091 2816; x_wconf 86' lang='lat' dir='ltr'>aquosa.</span> <span class='ocrx_word' id='word_1_223' title='bbox 1125 2731 1219 2798; x_wconf 91' lang='lat' dir='ltr'>Unde</span> 
     </span>
     <span class='ocr_line' id='line_1_29' title="bbox 102 2811 1220 2902; baseline 0.002 -24"><span class='ocrx_word' id='word_1_224' title='bbox 102 2822 200 2902; x_wconf 91' lang='lat' dir='ltr'>ponte</span> <span class='ocrx_word' id='word_1_225' title='bbox 223 2811 381 2877; x_wconf 91' lang='lat' dir='ltr'>subtiliter</span> <span class='ocrx_word' id='word_1_226' title='bbox 400 2812 486 2877; x_wconf 88' lang='lat' dir='ltr'>facto</span> <span class='ocrx_word' id='word_1_227' title='bbox 509 2834 606 2897; x_wconf 88' lang='lat' dir='ltr'>super</span> <span class='ocrx_word' id='word_1_228' title='bbox 628 2812 656 2878; x_wconf 94' lang='lat' dir='ltr'>O</span> <span class='ocrx_word' id='word_1_229' title='bbox 680 2835 734 2876; x_wconf 91' lang='lat' dir='ltr'>um</span> <span class='ocrx_word' id='word_1_230' title='bbox 756 2812 899 2890; x_wconf 90' lang='lat' dir='ltr'>fluvium,</span> <span class='ocrx_word' id='word_1_231' title='bbox 929 2816 1093 2901; x_wconf 91' lang='lat' dir='ltr'>inperator</span> <span class='ocrx_word' id='word_1_232' title='bbox 1119 2826 1220 2880; x_wconf 88' lang='lat' dir='ltr'>trans-</span> 
     </span>
     <span class='ocr_line' id='line_1_30' title="bbox 102 2836 1221 2980; baseline 0.002 -18"><span class='ocrx_word' id='word_1_233' title='bbox 102 2907 198 2980; x_wconf 91' lang='lat' dir='ltr'>meat,</span> <span class='ocrx_word' id='word_1_234' title='bbox 214 2895 368 2961; x_wconf 90' lang='lat' dir='ltr'>simulans</span> <span class='ocrx_word' id='word_1_235' title='bbox 384 2917 418 2960; x_wconf 89' lang='lat' dir='ltr'>se</span> <span class='ocrx_word' id='word_1_236' title='bbox 433 2896 593 2978; x_wconf 91' lang='lat' dir='ltr'>recedere,</span> <span class='ocrx_word' id='word_1_237' title='bbox 617 2907 647 2960; x_wconf 91' lang='lat' dir='ltr'>et</span> <span class='ocrx_word' id='word_1_238' title='bbox 658 2836 954 2963; x_wconf 77' lang='lat' dir='ltr'>llediolanensibus</span> <span class='ocrx_word' id='word_1_239' title='bbox 970 2899 1099 2964; x_wconf 90' lang='lat' dir='ltr'>domum</span> <span class='ocrx_word' id='word_1_240' title='bbox 1115 2900 1221 2964; x_wconf 90' lang='lat' dir='ltr'>redire</span> 
     </span>
     <span class='ocr_line' id='line_1_31' title="bbox 10 2980 1219 3068; baseline 0 -22"><span class='ocrx_word' id='word_1_241' title='bbox 10 3033 11 3056; x_wconf 50' lang='lat'><em>2</em></span> <span class='ocrx_word' id='word_1_242' title='bbox 103 2980 284 3046; x_wconf 85' lang='lat' dir='ltr'>volentibus</span> <span class='ocrx_word' id='word_1_243' title='bbox 314 2981 452 3044; x_wconf 89' lang='lat' dir='ltr'>occurrit</span> <span class='ocrx_word' id='word_1_244' title='bbox 481 2990 513 3044; x_wconf 87' lang='lat' dir='ltr'>et</span> <span class='ocrx_word' id='word_1_245' title='bbox 539 3002 594 3044; x_wconf 89' lang='lat' dir='ltr'>eos</span> <span class='ocrx_word' id='word_1_246' title='bbox 627 2981 794 3044; x_wconf 86' lang='lat' dir='ltr'>incautosh</span> <span class='ocrx_word' id='word_1_247' title='bbox 828 2983 861 3045; x_wconf 92' lang='lat' dir='ltr'>in</span> <span class='ocrx_word' id='word_1_248' title='bbox 895 2983 1006 3046; x_wconf 89' lang='lat' dir='ltr'>eastris</span> <span class='ocrx_word' id='word_1_249' title='bbox 1038 2985 1219 3068; x_wconf 88' lang='lat' dir='ltr'>prosternit.</span> 
     </span>
     <span class='ocr_line' id='line_1_32' title="bbox 104 3062 1220 3152; baseline 0.004 -24"><span class='ocrx_word' id='word_1_250' title='bbox 104 3066 252 3146; x_wconf 79' lang='lat' dir='ltr'>Quicum</span> <span class='ocrx_word' id='word_1_251' title='bbox 267 3066 384 3130; x_wconf 88' lang='lat' dir='ltr'>acriter</span> <span class='ocrx_word' id='word_1_252' title='bbox 397 3064 590 3145; x_wconf 87' lang='lat' dir='ltr'>resisterent,</span> <span class='ocrx_word' id='word_1_253' title='bbox 606 3062 732 3127; x_wconf 89' lang='lat' dir='ltr'>duravit</span> <span class='ocrx_word' id='word_1_254' title='bbox 747 3063 854 3128; x_wconf 90' lang='lat' dir='ltr'>clades</span> <span class='ocrx_word' id='word_1_255' title='bbox 871 3088 971 3151; x_wconf 89' lang='lat' dir='ltr'>usque</span> <span class='ocrx_word' id='word_1_256' title='bbox 987 3067 1220 3152; x_wconf 89' lang='lat' dir='ltr'>crepusculum.</span> 
     </span>
     <span class='ocr_line' id='line_1_33' title="bbox 103 3149 1220 3218; baseline 0.003 -3"><span class='ocrx_word' id='word_1_257' title='bbox 103 3151 179 3215; x_wconf 87' lang='lat' dir='ltr'>Nox</span> <span class='ocrx_word' id='word_1_258' title='bbox 199 3149 318 3216; x_wconf 91' lang='lat' dir='ltr'>bellurn</span> <span class='ocrx_word' id='word_1_259' title='bbox 341 3149 478 3213; x_wconf 90' lang='lat' dir='ltr'>diremit.</span> <span class='ocrx_word' id='word_1_260' title='bbox 521 3149 728 3212; x_wconf 90' lang='lat' dir='ltr'>Armatorum</span> <span class='ocrx_word' id='word_1_261' title='bbox 756 3158 864 3212; x_wconf 90' lang='lat' dir='ltr'>autem</span> <span class='ocrx_word' id='word_1_262' title='bbox 887 3150 1014 3215; x_wconf 89' lang='lat' dir='ltr'>circiter</span> <span class='ocrx_word' id='word_1_263' title='bbox 1035 3152 1056 3215; x_wconf 81' lang='lat'>5</span> <span class='ocrx_word' id='word_1_264' title='bbox 1076 3151 1164 3214; x_wconf 90' lang='lat' dir='ltr'>milia</span> <span class='ocrx_word' id='word_1_265' title='bbox 1186 3175 1220 3218; x_wconf 86' lang='lat' dir='ltr'>se</span> 
     </span>
     <span class='ocr_line' id='line_1_34' title="bbox 104 3231 1219 3330; baseline 0 -31"><span class='ocrx_word' id='word_1_266' title='bbox 104 3236 191 3300; x_wconf 89' lang='lat' dir='ltr'>circa</span> <span class='ocrx_word' id='word_1_267' title='bbox 213 3235 392 3298; x_wconf 89' lang='lat' dir='ltr'>carrocium</span> <span class='ocrx_word' id='word_1_268' title='bbox 414 3231 613 3315; x_wconf 71' lang='lat' dir='ltr'>coadunant,</span> <span class='ocrx_word' id='word_1_269' title='bbox 635 3233 691 3330; x_wconf 92' lang='lat' dir='ltr'>qui</span> <span class='ocrx_word' id='word_1_270' title='bbox 713 3252 823 3297; x_wconf 89' lang='lat' dir='ltr'>omnes</span> <span class='ocrx_word' id='word_1_271' title='bbox 846 3243 944 3297; x_wconf 89' lang='lat' dir='ltr'>noctu</span> <span class='ocrx_word' id='word_1_272' title='bbox 965 3235 1067 3299; x_wconf 85' lang='lat' dir='ltr'>metui</span> <span class='ocrx_word' id='word_1_273' title='bbox 1094 3235 1219 3321; x_wconf 89' lang='lat' dir='ltr'>inpera-</span> 
     </span>
     <span class='ocr_line' id='line_1_35' title="bbox 102 3315 1221 3406; baseline -0.002 -22"><span class='ocrx_word' id='word_1_274' title='bbox 102 3321 180 3385; x_wconf 89' lang='lat' dir='ltr'>toris</span> <span class='ocrx_word' id='word_1_275' title='bbox 202 3319 337 3406; x_wconf 88' lang='lat' dir='ltr'>fugiunt,</span> <span class='ocrx_word' id='word_1_276' title='bbox 360 3317 503 3382; x_wconf 89' lang='lat' dir='ltr'>carrocio</span> <span class='ocrx_word' id='word_1_277' title='bbox 519 3326 551 3381; x_wconf 90' lang='lat' dir='ltr'>et</span> <span class='ocrx_word' id='word_1_278' title='bbox 563 3315 672 3382; x_wconf 87' lang='lat' dir='ltr'>multrs</span> <span class='ocrx_word' id='word_1_279' title='bbox 695 3315 840 3380; x_wconf 89' lang='lat' dir='ltr'>curribus</span> <span class='ocrx_word' id='word_1_280' title='bbox 863 3315 1029 3382; x_wconf 89' lang='lat' dir='ltr'>derelictis.</span> <span class='ocrx_word' id='word_1_281' title='bbox 1068 3317 1221 3384; x_wconf 86' lang='lat' dir='ltr'>Similiter</span> 
     </span>
     <span class='ocr_line' id='line_1_36' title="bbox 105 3399 1222 3490; baseline -0.001 -22"><span class='ocrx_word' id='word_1_282' title='bbox 105 3403 233 3490; x_wconf 89' lang='lat' dir='ltr'>opidani</span> <span class='ocrx_word' id='word_1_283' title='bbox 266 3403 305 3468; x_wconf 92' lang='lat' dir='ltr'>de</span> <span class='ocrx_word' id='word_1_284' title='bbox 328 3402 424 3489; x_wconf 91' lang='lat' dir='ltr'>opido</span> <span class='ocrx_word' id='word_1_285' title='bbox 454 3400 541 3489; x_wconf 93' lang='lat' dir='ltr'>quod</span> <span class='ocrx_word' id='word_1_286' title='bbox 575 3399 692 3464; x_wconf 91' lang='lat' dir='ltr'>dicitur</span> <span class='ocrx_word' id='word_1_287' title='bbox 720 3399 944 3466; x_wconf 67' lang='lat' dir='ltr'>Cumis-now</span> <span class='ocrx_word' id='word_1_288' title='bbox 978 3423 1042 3466; x_wconf 90' lang='lat' dir='ltr'>una</span> <span class='ocrx_word' id='word_1_289' title='bbox 1071 3425 1145 3466; x_wconf 91' lang='lat' dir='ltr'>cum</span> <span class='ocrx_word' id='word_1_290' title='bbox 1175 3403 1222 3468; x_wconf 86' lang='lat' dir='ltr'>eis</span> 
     </span>
    </p>
   </div>
   <div class='ocr_carea' id='block_1_3' title="bbox 162 3545 1222 3614">
    <p class='ocr_par' dir='ltr' id='par_1_5' title="bbox 162 3545 1222 3614">
     <span class='ocr_line' id='line_1_37' title="bbox 162 3545 1222 3614; baseline 0 -14"><span class='ocrx_word' id='word_1_291' title='bbox 162 3547 276 3612; x_wconf 75' lang='lat' dir='ltr'>*lSed</span> <span class='ocrx_word' id='word_1_292' title='bbox 313 3547 545 3614; x_wconf 82' lang='lat' dir='ltr'>postmodum⁷</span> <span class='ocrx_word' id='word_1_293' title='bbox 583 3545 727 3598; x_wconf 88' lang='lat' dir='ltr'>eundem</span> <span class='ocrx_word' id='word_1_294' title='bbox 767 3546 927 3598; x_wconf 83' lang='lat' dir='ltr'>ducatum</span> <span class='ocrx_word' id='word_1_295' title='bbox 966 3546 1047 3598; x_wconf 87' lang='lat' dir='ltr'>duci</span> <span class='ocrx_word' id='word_1_296' title='bbox 1079 3549 1222 3600; x_wconf 82' lang='lat' dir='ltr'>Austris.</span> 
     </span>
    </p>
   </div>
   <div class='ocr_carea' id='block_1_4' title="bbox 213 3621 1219 3755">
    <p class='ocr_par' dir='ltr' id='par_1_6' title="bbox 213 3621 1219 3755">
     <span class='ocr_line' id='line_1_38' title="bbox 213 3621 1219 3688; baseline -0.002 -16"><span class='ocrx_word' id='word_1_297' title='bbox 213 3623 365 3680; x_wconf 88' lang='lat' dir='ltr'>remisit,</span> <span class='ocrx_word' id='word_1_298' title='bbox 392 3638 464 3673; x_wconf 88' lang='lat' dir='ltr'>oum</span> <span class='ocrx_word' id='word_1_299' title='bbox 488 3624 597 3688; x_wconf 88' lang='lat' dir='ltr'>ipsum</span> <span class='ocrx_word' id='word_1_300' title='bbox 623 3622 655 3671; x_wconf 90' lang='lat' dir='ltr'>in</span> <span class='ocrx_word' id='word_1_301' title='bbox 679 3621 828 3685; x_wconf 82' lang='lat' dir='ltr'>gratiam</span> <span class='ocrx_word' id='word_1_302' title='bbox 855 3621 1053 3688; x_wconf 84' lang='lat' dir='ltr'>recepisset</span> <span class='ocrx_word' id='word_1_303' title='bbox 1074 3631 1134 3688; x_wconf 78' lang='lat' dir='ltr'>post</span> <span class='ocrx_word' id='word_1_304' title='bbox 1155 3623 1219 3674; x_wconf 84' lang='lat' dir='ltr'>add.</span> 
     </span>
     <span class='ocr_line' id='line_1_39' title="bbox 213 3693 436 3755; baseline 0.004 -11"><span class='ocrx_word' id='word_1_305' title='bbox 213 3694 276 3755; x_wconf 90' lang='lat' dir='ltr'>B1,·</span> <span class='ocrx_word' id='word_1_306' title='bbox 294 3694 389 3745; x_wconf 83' lang='lat' dir='ltr'>derunt</span> <span class='ocrx_word' id='word_1_307' title='bbox 408 3693 436 3746; x_wconf 82' lang='lat'>0.</span> 
     </span>
    </p>
   </div>
   <div class='ocr_carea' id='block_1_5' title="bbox 104 3854 1221 4088">
    <p class='ocr_par' dir='ltr' id='par_1_7' title="bbox 104 3854 1221 4088">
     <span class='ocr_line' id='line_1_40' title="bbox 104 3854 1220 3911; baseline 0.004 -13"><span class='ocrx_word' id='word_1_308' title='bbox 104 3855 128 3910; x_wconf 80' lang='lat' dir='ltr'>a)</span> <span class='ocrx_word' id='word_1_309' title='bbox 144 3855 193 3908; x_wconf 68' lang='lat' dir='ltr'>effis</span> <span class='ocrx_word' id='word_1_310' title='bbox 210 3856 342 3910; x_wconf 79' lang='lat' dir='ltr'>(episeopis)</span> <span class='ocrx_word' id='word_1_311' title='bbox 358 3858 391 3898; x_wconf 82' lang='lat'>01</span> <span class='ocrx_word' id='word_1_312' title='bbox 407 3869 464 3899; x_wconf 80' lang='lat' dir='ltr'>corr.</span> <span class='ocrx_word' id='word_1_313' title='bbox 480 3854 525 3908; x_wconf 69' lang='lat' dir='ltr'>ipis</span> <span class='ocrx_word' id='word_1_314' title='bbox 541 3855 617 3910; x_wconf 82' lang='lat' dir='ltr'>(ipsis)</span> <span class='ocrx_word' id='word_1_315' title='bbox 635 3857 675 3900; x_wconf 78' lang='lat'>02.</span> <span class='ocrx_word' id='word_1_316' title='bbox 766 3856 791 3910; x_wconf 90' lang='lat' dir='ltr'>b)</span> <span class='ocrx_word' id='word_1_317' title='bbox 807 3869 937 3900; x_wconf 76' lang='lat' dir='ltr'>marearum</span> <span class='ocrx_word' id='word_1_318' title='bbox 958 3859 1024 3902; x_wconf 80' lang='lat' dir='ltr'>milia.</span> <span class='ocrx_word' id='word_1_319' title='bbox 1038 3871 1145 3911; x_wconf 70' lang='lat' dir='ltr'>suprascr.</span> <span class='ocrx_word' id='word_1_320' title='bbox 1162 3873 1220 3902; x_wconf 75' lang='lat' dir='ltr'>mer·</span> 
     </span>
     <span class='ocr_line' id='line_1_41' title="bbox 104 3915 1221 3972; baseline 0.004 -13"><span class='ocrx_word' id='word_1_321' title='bbox 104 3916 403 3967; x_wconf 72' lang='lat' dir='ltr'>earumB13mareharum</span> <span class='ocrx_word' id='word_1_322' title='bbox 419 3917 567 3958; x_wconf 58' lang='lat' dir='ltr'>miliaton&amp;</span> <span class='ocrx_word' id='word_1_323' title='bbox 623 3915 643 3968; x_wconf 86' lang='lat' dir='ltr'>c)</span> <span class='ocrx_word' id='word_1_324' title='bbox 658 3917 682 3957; x_wconf 89' lang='lat' dir='ltr'>in</span> <span class='ocrx_word' id='word_1_325' title='bbox 695 3922 746 3967; x_wconf 73' lang='lat' dir='ltr'>port</span> <span class='ocrx_word' id='word_1_326' title='bbox 761 3919 811 3958; x_wconf 74' lang='lat' dir='ltr'>aad.</span> <span class='ocrx_word' id='word_1_327' title='bbox 824 3919 911 3968; x_wconf 75' lang='lat'>023111</span> <span class='ocrx_word' id='word_1_328' title='bbox 927 3931 949 3969; x_wconf 89' lang='lat' dir='ltr'>q.</span> <span class='ocrx_word' id='word_1_329' title='bbox 967 3921 1009 3963; x_wconf 81' lang='lat' dir='ltr'>Ol.</span> <span class='ocrx_word' id='word_1_330' title='bbox 1059 3917 1221 3972; x_wconf 78' lang='lat' dir='ltr'>d)Alaple01</span> 
     </span>
     <span class='ocr_line' id='line_1_42' title="bbox 105 3973 1218 4029; baseline 0.005 -13"><span class='ocrx_word' id='word_1_331' title='bbox 105 3977 149 4028; x_wconf 78' lang='lat' dir='ltr'>(scd</span> <span class='ocrx_word' id='word_1_332' title='bbox 160 3981 210 4027; x_wconf 75' lang='lat' dir='ltr'>pou</span> <span class='ocrx_word' id='word_1_333' title='bbox 226 3976 288 4028; x_wconf 82' lang='lat' dir='ltr'>Hal.)</span> <span class='ocrx_word' id='word_1_334' title='bbox 304 3977 324 4018; x_wconf 78' lang='lat'>2.</span> <span class='ocrx_word' id='word_1_335' title='bbox 392 3973 699 4026; x_wconf 78' lang='lat' dir='ltr'>e)1.1taqueerorr.B1.</span> <span class='ocrx_word' id='word_1_336' title='bbox 759 3976 898 4029; x_wconf 71' lang='lat' dir='ltr'>nelararus</span> <span class='ocrx_word' id='word_1_337' title='bbox 919 3978 986 4018; x_wconf 78' lang='lat' dir='ltr'>rutro</span> <span class='ocrx_word' id='word_1_338' title='bbox 1007 3990 1064 4020; x_wconf 77' lang='lat' dir='ltr'>corr.</span> <span class='ocrx_word' id='word_1_339' title='bbox 1082 3980 1160 4020; x_wconf 76' lang='lat' dir='ltr'>clarus</span> <span class='ocrx_word' id='word_1_340' title='bbox 1177 3980 1218 4023; x_wconf 74' lang='grc'>02.</span> 
     </span>
     <span class='ocr_line' id='line_1_43' title="bbox 104 4033 1218 4088; baseline 0.007 -13"><span class='ocrx_word' id='word_1_341' title='bbox 104 4035 127 4088; x_wconf 79' lang='lat' dir='ltr'>g)</span> <span class='ocrx_word' id='word_1_342' title='bbox 143 4036 335 4076; x_wconf 69' lang='lat' dir='ltr'>menatenam.</span> <span class='ocrx_word' id='word_1_343' title='bbox 366 4033 391 4087; x_wconf 88' lang='lat' dir='ltr'>h)</span> <span class='ocrx_word' id='word_1_344' title='bbox 407 4036 508 4076; x_wconf 84' lang='lat' dir='ltr'>occurrit</span> <span class='ocrx_word' id='word_1_345' title='bbox 523 4040 545 4076; x_wconf 86' lang='lat' dir='ltr'>et</span> <span class='ocrx_word' id='word_1_346' title='bbox 557 4045 596 4075; x_wconf 86' lang='lat' dir='ltr'>eos</span> <span class='ocrx_word' id='word_1_347' title='bbox 612 4037 718 4076; x_wconf 75' lang='lat' dir='ltr'>incantos</span> <span class='ocrx_word' id='word_1_348' title='bbox 733 4035 758 4077; x_wconf 77' lang='lat' dir='ltr'>tn</span> <span class='ocrx_word' id='word_1_349' title='bbox 766 4037 1162 4088; x_wconf 64' lang='lat' dir='ltr'>broiamfirroprrpamenormeum</span> <span class='ocrx_word' id='word_1_350' title='bbox 1171 4041 1218 4083; x_wconf 89' lang='lat' dir='ltr'>Bl.</span> 
     </span>
    </p>
   </div>
   <div class='ocr_carea' id='block_1_6' title="bbox 10 4094 591 4156">
    <p class='ocr_par' dir='ltr' id='par_1_8' title="bbox 10 4094 591 4156">
     <span class='ocr_line' id='line_1_44' title="bbox 10 4094 591 4156; baseline 0 -20"><span class='ocrx_word' id='word_1_351' title='bbox 10 4151 11 4156; x_wconf 15' lang='grc'>1</span> <span class='ocrx_word' id='word_1_352' title='bbox 104 4095 121 4148; x_wconf 89' lang='lat' dir='ltr'>l)</span> <span class='ocrx_word' id='word_1_353' title='bbox 138 4097 208 4136; x_wconf 80' lang='lat' dir='ltr'>eadm</span> <span class='ocrx_word' id='word_1_354' title='bbox 222 4105 291 4135; x_wconf 78' lang='lat' dir='ltr'>muna</span> <span class='ocrx_word' id='word_1_355' title='bbox 306 4095 330 4134; x_wconf 81' lang='lat' dir='ltr'>in</span> <span class='ocrx_word' id='word_1_356' title='bbox 345 4095 443 4146; x_wconf 66' lang='lat' dir='ltr'>margine</span> <span class='ocrx_word' id='word_1_357' title='bbox 457 4095 529 4146; x_wconf 72' lang='lat' dir='ltr'>suppl.</span> <span class='ocrx_word' id='word_1_358' title='bbox 545 4094 591 4137; x_wconf 76' lang='lat'>131.</span> 
     </span>
    </p>
   </div>
   <div class='ocr_carea' id='block_1_7' title="bbox 103 4233 1222 4380">
    <p class='ocr_par' dir='ltr' id='par_1_9' title="bbox 103 4233 1222 4380">
     <span class='ocr_line' id='line_1_45' title="bbox 106 4233 1222 4306; baseline 0.004 -20"><span class='ocrx_word' id='word_1_359' title='bbox 106 4234 133 4304; x_wconf 88' lang='lat'>1)</span> <span class='ocrx_word' id='word_1_360' title='bbox 153 4235 323 4304; x_wconf 61' lang='lat' dir='ltr'>amalr,</span> <span class='ocrx_word' id='word_1_361' title='bbox 339 4254 368 4302; x_wconf 84' lang='lat' dir='ltr'>p.</span> <span class='ocrx_word' id='word_1_362' title='bbox 389 4237 451 4287; x_wconf 80' lang='lat'>322.</span> <span class='ocrx_word' id='word_1_363' title='bbox 536 4234 565 4304; x_wconf 80' lang='lat'>2)</span> <span class='ocrx_word' id='word_1_364' title='bbox 584 4237 695 4302; x_wconf 82' lang='lat' dir='ltr'>Aleppc.</span> <span class='ocrx_word' id='word_1_365' title='bbox 784 4233 814 4303; x_wconf 86' lang='grc'>3)</span> <span class='ocrx_word' id='word_1_366' title='bbox 832 4237 1007 4292; x_wconf 80' lang='lat' dir='ltr'>Richardum.</span> <span class='ocrx_word' id='word_1_367' title='bbox 1091 4239 1121 4306; x_wconf 87' lang='grc'>4)</span> <span class='ocrx_word' id='word_1_368' title='bbox 1141 4239 1222 4291; x_wconf 45' lang='lat' dir='ltr'>Mon*</span> 
     </span>
     <span class='ocr_line' id='line_1_46' title="bbox 103 4307 1222 4380; baseline 0.006 -18"><span class='ocrx_word' id='word_1_369' title='bbox 103 4310 227 4362; x_wconf 84' lang='lat' dir='ltr'>teebiaro.</span> <span class='ocrx_word' id='word_1_370' title='bbox 321 4308 350 4376; x_wconf 82' lang='lat'>5)</span> <span class='ocrx_word' id='word_1_371' title='bbox 369 4307 509 4362; x_wconf 82' lang='lat' dir='ltr'>Ponteoico</span> <span class='ocrx_word' id='word_1_372' title='bbox 529 4311 565 4361; x_wconf 87' lang='lat' dir='ltr'>od</span> <span class='ocrx_word' id='word_1_373' title='bbox 582 4308 698 4380; x_wconf 75' lang='lat' dir='ltr'>fluvium</span> <span class='ocrx_word' id='word_1_374' title='bbox 721 4307 794 4376; x_wconf 77' lang='lat' dir='ltr'>Oplio</span> <span class='ocrx_word' id='word_1_375' title='bbox 813 4311 900 4364; x_wconf 78' lang='lat' dir='ltr'>situm.</span> <span class='ocrx_word' id='word_1_376' title='bbox 996 4313 1023 4378; x_wconf 90' lang='grc'>6)</span> <span class='ocrx_word' id='word_1_377' title='bbox 1045 4311 1222 4369; x_wconf 75' lang='lat' dir='ltr'>Oortcnuoua.</span> 
     </span>
    </p>
   </div>
   <div class='ocr_carea' id='block_1_8' title="bbox 10 4381 361 4451">
    <p class='ocr_par' dir='ltr' id='par_1_10' title="bbox 10 4381 361 4451">
     <span class='ocr_line' id='line_1_47' title="bbox 10 4381 361 4451; baseline 0.006 -17"><span class='ocrx_word' id='word_1_378' title='bbox 10 4397 11 4400; x_wconf 74' lang='grc'>’</span> <span class='ocrx_word' id='word_1_379' title='bbox 104 4381 132 4451; x_wconf 83' lang='grc'>7)</span> <span class='ocrx_word' id='word_1_380' title='bbox 152 4401 178 4436; x_wconf 87' lang='lat' dir='ltr'>o.</span> <span class='ocrx_word' id='word_1_381' title='bbox 199 4384 279 4449; x_wconf 82' lang='lat'>1240,</span> <span class='ocrx_word' id='word_1_382' title='bbox 298 4383 361 4436; x_wconf 80' lang='lat' dir='ltr'>Iun.</span> 
     </span>
    </p>
   </div>
   <div class='ocr_carea' id='block_1_9' title="bbox 0 0 1561 4982">
    <p class='ocr_par' dir='ltr' id='par_1_11' title="bbox 0 0 1561 4982">
     <span class='ocr_line' id='line_1_48' title="bbox 0 0 1561 4982; baseline 0 0"><span class='ocrx_word' id='word_1_383' title='bbox 0 0 1561 4982; x_wconf 95' lang='lat' dir='ltr'> </span> 
     </span>
    </p>
   </div>
  </div>
 </body>
</html>
