3098 4982
325 373 378 423 266
411 372 599 426 oflaoruca
612 369 724 424 Rscls
739 371 990 425 COLONIENSIS.
1011 371 1114 424 ΟΟΝΤ.
1125 371 1172 423 lv.
1192 371 1225 423 A.
1238 370 1317 423 1234.
1332 371 1416 422 1235.

324 561 397 604 cum
424 561 511 627 papa
535 562 649 639 pacem
677 540 829 606 subirent.
873 541 913 604 In
941 540 1002 605 hoc
1030 549 1137 606 tamen
1167 538 1317 606 conflictu
1369 540 1445 606 eriit

323 624 455 711 quidam
477 622 594 688 nobilis
616 645 722 689 comes
746 625 863 690 Suavis
884 625 989 690 dictus
1011 623 1052 689 de
1071 624 1270 710 Veingin⁸·¹,
1293 645 1327 688 se
1372 623 1444 710 plu·

323 709 396 773 rimi
419 709 505 794 capti
526 707 656 774 fuerunt
676 708 832 773 nobilium
855 709 1082 774 Romanorum.

366 793 441 878 Ipso
477 815 561 856 anno
596 814 704 858 comes
726 791 920 858 Hollandie²
949 794 984 856 in
1016 802 1235 859 torneamento
1268 792 1445 857 suffocatur

324 876 413 964 apud
434 875 607 942 Oorbiam³
628 879 663 940 in
678 875 888 942 Ambianensi
909 876 1050 963 dyocesi.
1136 876 1284 943 Castrum
1308 876 1347 940 de
1371 877 1442 941 Mo-

322 959 539 1025 linnarkinw
568 960 733 1027 obsidetur
767 962 800 1024 in
833 960 942 1026 odium
976 960 1210 1047 archiepiscopi
1240 959 1443 1027 Coloniensis

323 1049 344 1108 a
366 1046 482 1110 comite
498 1044 688 1110 Iuliacensi⁵
711 1055 743 1110 et
764 1046 830 1110 suis
858 1044 1066 1131 conplicibus.
1112 1043 1247 1110 (lomesc
1267 1045 1442 1144 Seinensis,

323 1128 455 1194 collecta
487 1151 584 1193 manu
616 1129 741 1209 valida,
778 1132 844 1194 unat
876 1151 950 1194 cum
982 1128 1225 1217 archiepiscopo
1256 1128 1443 1196 Coloniensl

323 1213 506 1278 obsessores
538 1214 632 1278 castri
659 1215 790 1300 inpetit3
822 1214 877 1300 qui
905 1213 1016 1278 relicto
1044 1224 1148 1279 castro
1177 1215 1325 1279 ordinant
1352 1215 1442 1278 acies

322 1299 465 1362 contrai
490 1319 570 1361 sum.
614 1298 680 1378 Qui
708 1319 782 1362 cum
810 1299 958 1384 utrinque
989 1299 1152 1363 instructis
1184 1298 1316 1364 aciebus
1347 1298 1443 1363 iuxta

322 1381 431 1446 villam
484 1382 691 1446 orvenich‘Lo
712 1381 769 1446 diu
789 1391 998 1464 morarentur,
1020 1393 1093 1469 post
1114 1381 1246 1468 longum
1268 1391 1443 1448 tractatum

321 1487 388 1552 pax
409 1466 588 1531 intervenit.
631 1465 781 1532 Castrum
802 1465 955 1531 liberatur
975 1466 1038 1532 abe
1061 1466 1236 1532 obsidione.

405 1551 478 1616 Rex
488 1551 647 1614 Henrious
658 1549 820 1616 Bobardie
835 1559 1027 1616 conventum
1045 1551 1244 1636 quorundam
1256 1551 1443 1638 principum

322 1633 469 1717 habuitu
499 1634 555 1700 ubi
577 1637 596 1698 a
619 1635 811 1720 quibusdam
838 1634 969 1699 nefariis
998 1634 1164 1700 consilium
1193 1636 1327 1721 accepit,
1349 1646 1385 1699 ut
1407 1656 1444 1700 se

322 1729 498 1805 opponeret
510 1720 696 1803 imperatori
716 1720 799 1804 patri
822 1741 894 1802 suo;
918 1720 1004 1805 quod
1023 1719 1073 1784 ets
1086 1719 1170 1784 fecit.
1217 1719 1299 1784 Nam
1322 1729 1445 1784 extunc

321 1805 408 1889 cepit
428 1801 599 1868 sollicitare
620 1825 839 1889 quoscumque
870 1806 976 1889 potuit
1002 1804 1106 1886 minis,
1136 1825 1233 1890 prece
1263 1815 1295 1868 et
1321 1804 1443 1889 precio,

321 1897 357 1951 ut
377 1886 440 1951 sibi
461 1888 645 1952 assisterent
666 1897 777 1952 contra
798 1897 933 1974 patrem,
956 1898 987 1952 et
1007 1909 1072 1952 non
1093 1908 1214 1973 paucos
1237 1888 1369 1953 invenit.

700 1990 796 2055 Anno
813 1991 946 2056 Domini
970 1991 1061 2055 1235.

406 2073 585 2158 Imperator
610 2073 650 2139 ab
678 2073 798 2161 Apulia
820 2075 1022 2161 Aquilegiam
1050 2074 1206 2160 pervenit.
1256 2074 1335 2138 Inde
1366 2095 1443 2137 cum

322 2155 423 2222 multa
444 2157 539 2223 turba
561 2168 593 2222 et
614 2157 721 2223 multis
744 2159 901 2225 thesauris
922 2180 1031 2223 versus
1051 2159 1215 2222 Austriam
1242 2159 1338 2223 intrat
1361 2157 1442 2222 Ger-

323 2243 472 2306 maniam.
515 2241 634 2306 Filium
663 2243 757 2306 etiam
786 2266 880 2307 suum
908 2266 1016 2328 regem
1045 2239 1195 2307 rebellem
1217 2243 1348 2321 invenit,
1382 2241 1442 2307 sed

240 2326 534 2412 ntainpotentem3
567 2348 642 2389 nam
665 2325 796 2392 consilio
819 2327 939 2408 habit0,
961 2329 990 2392 6.
1011 2328 1120 2391 Nonas
1143 2326 1215 2390 Iulii
1241 2325 1329 2413 apud
1344 2325 1442 2390 Wor-

323 2411 461 2474 maciam
493 2411 526 2472 in
557 2411 695 2494 gratiam
727 2411 827 2497 patris
856 2411 1046 2497 recipitur⁸;
1075 2409 1132 2475 sed
1161 2433 1225 2474 non
1253 2409 1441 2496 persolvens

324 2517 387 2580 que
409 2495 608 2580 promiserat,
629 2516 689 2558 nec
711 2496 876 2580 resignans
899 2505 1039 2559 castrum
1054 2494 1194 2575 Drivels,
1218 2493 1304 2580 quod
1326 2493 1442 2558 habuit

322 2579 356 2641 in
393 2597 451 2641 sua
489 2587 662 2662 potestate,
705 2579 795 2642 iussu
833 2579 933 2665 patris
967 2579 1168 2666 imperatoris
1207 2586 1255 2642 est
1294 2578 1441 2644 custodie
1526 2583 1527 2614 l

322 2663 535 2746 mancipatus.

406 2746 530 2810 Eodem
552 2756 695 2830 tempore
717 2757 826 2810 soror⁹
855 2747 941 2832 regis
964 2746 1079 2832 Anglie
1101 2756 1216 2831 rogatu
1236 2747 1440 2833 imperatoris
1526 2787 1527 2792 κ

323 2828 364 2892 ab
394 2829 635 2915 archiepiscopo
664 2828 848 2895 Coloniensi
876 2840 908 2895 et
934 2831 1014 2895 duce
1043 2830 1223 2895 Brabanoie
1250 2830 1291 2895 ab
1318 2828 1442 2928 Anglia
1526 2845 1527 2872 ³

323 2911 503 2995 adducitur,
532 2914 595 2999 ipsi
617 2915 802 3000 imperatori
823 2925 971 3001 nuptura.
1016 2915 1087 2996 Que
1116 2913 1157 2978 ab
1187 2913 1335 2980 omnibus
1363 2915 1442 2980 crvi-

324 2996 443 3061 tatibus
466 3008 498 3062 et
519 2996 656 3082 oppidis,
679 3021 737 3097 per
772 3021 812 3063 ue
831 3021 903 3064 eam
916 3000 1052 3064 transire
1067 3000 1210 3084 contigit,
1232 2998 1441 3081 honorifices,

325 3081 382 3146 sed
405 3081 563 3146 acivibus
580 3021 827 3149 Oolomensibus
849 3083 970 3148 maiore
992 3105 1049 3169 pre
1070 3081 1141 3147 aliis
1163 3083 1304 3170 tripudio
1327 3083 1443 3169 quinta

214 3165 403 3230 maraferia
433 3167 581 3252 proxima
612 3177 686 3233 ante
720 3176 926 3253 pentecosten
955 3167 1143 3253 suscipitur,
1179 3166 1266 3252 apud
1296 3189 1377 3252 quos
1405 3169 1441 3230 in

323 3250 419 3315 domo
452 3251 606 3337 prepositi
652 3249 763 3316 Sancti
796 3250 952 3316 Gereonis
1009 3273 1044 3316 er
1075 3273 1218 3316 mensem
1252 3252 1285 3314 in
1321 3271 1442 3337 magna

322 3334 570 3401 honorificenoia
601 3336 751 3399 continue
779 3344 931 3400 moratur.
984 3273 1063 3400 inde
1095 3335 1314 3422 progrediens,
1350 3334 1441 3420 apud

322 3420 540 3484 Wormaciam
575 3420 760 3504 imperatori
796 3420 988 3505 assignatum
1025 3418 1081 3484 ubi
1113 3418 1294 3506 imperiales
1326 3419 1441 3504 nuptie

321 3503 429 3569 debito
462 3525 536 3567 cum
568 3501 688 3568 honore
720 3501 929 3568 celebrantur.
972 3504 1151 3589 Imperator
1182 3503 1295 3570 suadet
1322 3503 1442 3590 princi-

321 3587 427 3686 pibus,
443 3610 483 3652 ne
498 3586 715 3673 hysbionibus
731 3587 815 3652 dona
829 3585 921 3653 solito
936 3608 1025 3652 more
1039 3587 1249 3675 prodigaliter
1263 3587 1441 3668 effundant,

321 3672 466 3738 iudicans
488 3673 664 3735 maximam
691 3671 894 3755 dementiam,
922 3673 950 3737 si
976 3673 1047 3758 quis
1070 3694 1129 3737 sua
1149 3672 1236 3738 bona
1258 3673 1364 3736 mimis
1386 3670 1441 3738 vel

320 3754 516 3842 ystrionibus
537 3755 623 3819 fatue
644 3753 806 3842 largiatur.

321 3935 344 3987 a)
360 3937 449 3985 vinus
465 3936 507 3978 or.
583 3935 607 3988 a)
625 3936 769 3978 marianus
786 3939 833 3988 οη
856 3927 1001 3980 utrrnsrarn
1018 3939 1059 3980 os.
1136 3937 1157 3991 ο)
1174 3938 1256 3980 serre·
1271 3939 1321 3980 aaa.
1338 3939 1374 3978 aaa
1386 3943 1441 3988 poa

321 3995 361 4036 det
378 3995 419 4037 08.
465 3994 489 4047 d)
505 3995 629 4037 Nomenoh
645 3996 686 4038 02.
737 3994 759 4048 a)
776 3998 890 4042 aanor.
940 3997 1029 4052 odacar
1046 3999 1087 4040 02.
1140 3996 1163 4050 g)
1180 3999 1309 4048 suscepitur
1324 3997 1374 4037 add.
1392 3997 1440 4040 01.

324 4165 350 4227 1)
375 4161 531 4230 Vaibiuqaa.
616 4163 645 4231 2)
665 4163 827 4219 aaronitas.
911 4164 941 4232 3)
961 4164 1062 4219 Gor-bic.
1146 4165 1174 4235 4)
1200 4167 1270 4218 inter
1293 4167 1387 4218 Daren
1414 4175 1441 4219 et

322 4236 416 4288 lazica.
492 4236 521 4304 b)
547 4237 687 4292 Wldelmo.
770 4239 799 4305 6)
820 4239 978 4306 Ntrvenict,
1008 4240 1085 4292 baud
1108 4241 1207 4308 procul
1234 4258 1252 4292 a
1280 4240 1373 4291 Ddrea
1400 4241 1440 4293 ad

321 4309 446 4362 orientem
455 4310 541 4362 satam
581 4312 610 4378 l)
620 4328 706 4364 marcac
717 4310 862 4379 Septemb.
900 4313 928 4376 8)
940 4311 1016 4366 Haec
1029 4314 1217 4378 Wnlelmann,
1227 4312 1379 4365 ‘Friedrich
1386 4314 1406 4364 Ι
1406 4313 1441 4376 Ρ,

328 4383 382 4436 Vol.
393 4383 418 4446 I,
434 4401 464 4450 p.
484 4385 547 4448 4t3,
566 4383 652 4437 nascio
672 4403 709 4437 aa
727 4392 803 4450 recte,
822 4386 851 4438 in
869 4386 980 4438 dubiam
998 4388 1111 4442 vocavit.
1186 4388 1215 4455 9)
1235 4387 1362 4441 Isabclla.
