3102 4978
292 388 481 458 CHRONIOA
500 389 613 440 Recta
634 388 877 444 COLONIENSIS
896 393 929 442 A.
951 391 1141 444 1082-1096.
1239 393 1274 444 39

155 573 249 624 alienis
272 571 384 636 cepitin
398 569 474 620 brevi
488 569 631 634 despectus
646 571 747 621 haberi.
783 559 931 624 Domnus
953 558 1152 626 Humberius
1173 560 1275 627 abbas

155 644 247 724 obiit,
270 654 302 708 et
323 642 477 712 successit
497 641 723 712 Herimanuus

231 735 275 786 27.
312 733 345 785 A.
364 734 400 783 D.
428 731 508 782 1083.
546 733 725 784 Herimannus
751 749 810 784 cum
836 735 930 801 paucis
953 736 1110 787 orientalem
1131 737 1334 789 Franciamn'la.

155 807 289 862 hostiliter
307 807 413 858 invasit
452 806 538 856 Roma
557 809 661 872 capitur
680 807 715 858 ab
734 807 864 860 Heinrico
882 823 947 874 rege
975 810 1001 859 4.
1021 810 1090 861 Non.
1109 809 1182 860 Iunii
1206 811 1274 861 teria

156 883 183 934 6.
203 879 361 932 ebdomadis
380 885 560 947 pentecostes.
599 879 800 932 Hildebraudus
819 888 909 932 autem
927 898 1000 949 papa
1018 883 1144 934 occultea
1161 883 1275 949 fugiens,

157 956 297 1008 Salernum
312 955 433 1014 secessit,
451 947 510 1004 ibib
525 969 609 1019 usque
622 953 658 1004 ad
671 953 742 1004 diem
756 955 848 1006 mortis
867 971 915 1006 sne
927 959 1082 1023 permansit.
1113 957 1313 1010 PestilenciaA
1324 961 1375 1002 1²⁰⁸-

156 1045 277 1154 magddl
295 1028 345 1153 fid.
366 1102 401 1152 D.
423 1099 503 1152 1084.
540 1101 685 1152 Heinricus
704 1116 751 1150 rex
769 1102 803 1151 iu
821 1101 932 1153 locum
952 1103 1275 1170 HildebrandiWig·
1264 1112 1335 1155 -Ειι,

156 1179 260 1228 bertum
279 1177 424 1228 Ravenme
444 1175 599 1240 episcopum
618 1175 772 1240 petentibus
790 1175 918 1226 Romanis
943 1177 1044 1240 statuit,
1069 1182 1097 1227 et
1120 1177 1209 1228 dictus
1235 1183 1275 1229 est

156 1251 282 1304 Clemens
301 1247 449 1310 secundns3
469 1264 486 1298 a
505 1264 557 1313 quo
576 1249 701 1315 ipsesex
720 1263 780 1298 eum
798 1250 892 1314 regina
910 1249 1012 1300 Bertha
1030 1250 1058 1299 in
1077 1255 1171 1302 sancta
1190 1250 1275 1301 domi·

156 1327 219 1375 nica
244 1323 363 1391 paschae
386 1321 521 1388 imperiali
546 1320 734 1372 benedictione
760 1321 926 1374 sublimatur.
969 1321 1033 1374 Post
1057 1323 1108 1374 bec
1131 1325 1276 1391 imperator

156 1399 191 1448 de
210 1397 293 1448 Italia
313 1395 476 1461 digrediens,
501 1395 650 1460 Augustam
676 1396 812 1446 civitatem
836 1397 869 1446 ab
888 1396 1044 1448 Alemannis
1068 1398 1208 1448 invasamc
1226 1399 1276 1450 ob·

157 1471 231 1523 sedit
249 1475 276 1521 et
295 1471 377 1537 cepit.

231 1545 276 1596 29.
313 1544 346 1594 A.
365 1544 401 1594 D.
423 1541 502 1592 1085.
539 1540 741 1592 Hildebrandus
760 1557 840 1608 papa,
860 1545 907 1608 qui
927 1549 955 1593 et
974 1543 1119 1609 Gregorius
1138 1546 1280 1611 septimus.

157 1618 229 1686 apud
243 1617 384 1670 Salernam
397 1617 517 1676 moritur,
537 1620 564 1665 et
575 1615 614 1664 ibi
626 1614 762 1681 sepelitur
794 1616 846 1666 Pro
862 1632 914 1682 quo
928 1617 1001 1678 Otto,
1021 1618 1079 1683 qui
1098 1618 1275 1682 etUrbanus,

156 1694 230 1760 prins
249 1691 382 1742 Ostiensis
401 1691 552 1755 episcopus,
571 1689 747 1740 substituitur.

232 1764 276 1814 30
314 1764 347 1830 A.
360 1764 395 1814 D.
411 1761 491 1812 1086.
523 1762 666 1813 Heinricus
682 1763 825 1829 imperator
838 1763 981 1814 Saxomam
992 1769 1090 1815 vastat
1122 1764 1336 1830 Wircibnrgm.

158 1855 176 1888 a
195 1822 344 1890 Saxouibus
364 1842 443 1902 capta
464 1841 512 1898 est,
532 1841 560 1885 et
578 1851 639 1885 mox
658 1836 692 1885 ab
712 1837 871 1902 imperatore
890 1838 1033 1902 adquisitu.
1284 1839 1343 1882 Aa.
1352 1839 1400 1879 Alo.

232 1912 276 1962 31.
295 1910 373 1961 A.D.
386 1908 466 1960 1087.
485 1873 673 1971 H’erimannua
685 1908 754 1960 falso
770 1935 800 1946 ··
818 1937 851 1946 -
866 1909 1006 1961 obsidione
1020 1905 1149 1961 interiit‘l.
1174 1910 1274 1962 Eleleelr.

231 1984 276 2037 32.
309 1984 341 2035 A.
362 1984 397 2033 D.
420 1980 499 2033 1088.
531 1981 632 2032 Bertlra
657 1983 811 2048 imperatrix
836 1983 903 2034 obiit
928 1989 955 2034 et
981 1983 1058 2050 Spire
1088 1982 1194 2050 sepulta
1226 1990 1274 2039 est.

157 2060 280 2124 Augusta
299 2083 331 2094 -
351 2085 389 2093 —
408 2055 558 2106 destruitur.
595 2054 660 2105 ibid.

231 2125 281 2195 33.
320 2122 360 2193 Α,
381 2123 423 2191 Ι),
448 2122 537 2187 1089.
577 2123 725 2186 Domnus
747 2121 927 2206 Sigewinus
948 2120 1147 2187 Coloniensis
1175 2122 1438 2193 arctiora...

158 2210 329 2294 episcopus
352 2207 441 2289 obiit,
470 2216 502 2271 et
522 2207 697 2272 successise
720 2206 939 2270 Herimannus
959 2205 1040 2271 Ill*
1063 2217 1275 2292 cognomento

159 2294 270 2362 Dives

231 2385 380 2450 Imperator
398 2383 505 2449 nuptias
524 2408 560 2418 —
579 2409 615 2418 —-
634 2397 752 2433 uxorem.
790 2380 889 2433 Elkeh.

234 2449 413 2531 Cunradus,
435 2447 562 2512 filius
535 2471 604 2514 erus
619 2449 735 2529 senior,
754 2451 884 2534 ungitur
897 2449 931 2512 in
945 2470 1054 2534 regem
1069 2445 1274 2535 Aquisgraui

232 2542 277 2593 34.
314 2541 347 2592 A.
366 2542 401 2591 D.
423 2533 523 2590 10901
541 2541 690 2606 Imperator
708 2538 817 2590 ltaliam
835 2556 924 2591 ιιιιιιιι
942 2539 1091 2605 ingreditur
1109 2540 1200 2606 ibique
1219 2540 1337 2592 terena.

157 2631 206 2684 per
224 2621 327 2681 septem
347 2629 430 2665 anuos
449 2619 574 2664 moratur.

232 2689 277 2739 35.
315 2687 347 2738 A.
367 2688 401 2738 D.
424 2687 502 2737 1091.
558 2686 697 2738 Mathildis
717 2685 750 2736 de
765 2685 961 2756 Jaongobardia
979 2687 1133 2752 imperatori
1151 2685 1276 2738 rebellat.
1286 2692 1313 2734 Δ.
1323 2691 1345 2736 S
1353 2692 1402 2735 Alb

233 2763 277 2812 36.
315 2763 348 2811 A.
367 2761 402 2810 D.
425 2760 504 2811 1092.
523 2759 683 2812 Pestilentia
701 2775 800 2826 magna
817 2760 953 2814 bominum
973 2766 1053 2826 atque
1072 2761 1216 2826 pecudum.
1285 2771 1336 2812 aaa.

234 2837 279 2886 37.
307 2834 349 2899 A.
368 2835 404 2884 D.
425 2834 504 2884 1093.
526 2834 665 2884 Ounradus
687 2859 718 2869 -
741 2859 774 2868 -
794 2833 946 2884 infamatur.
982 2833 1100 2900 Eclipsis
1119 2834 1184 2886 solis
1203 2834 1276 2884 laeta

155 2914 197 2961 est
222 2909 248 2959 9.
274 2891 335 2960 Kal.
362 2908 422 2960 Oct.
449 2907 514 2958 hora
538 2909 628 2970 tertia,
656 2913 682 2958 et
708 2907 788 2956 draco
814 2908 887 2958 visas
913 2912 961 2958 est.
999 2906 1150 2958 Mortalitas
1177 2902 1329 3002 magnal-
1306 2903 1341 2946 ηε
1350 2903 1398 2944 Ast.

155 2983 300 3035 subsecuta
319 2987 367 3033 est

229 3055 274 3106 38.
311 3057 345 3105 A.
365 3054 401 3105 D.
422 3053 503 3105 1094.
521 3052 685 3104 Pestilencia
702 3052 774 3104 faeta
794 3059 843 3104 est.
1284 3057 1312 3098 A.
1319 3059 1341 3100 ι.
1351 3058 1400 3100 Aa.

230 3129 276 3179 99.
313 3131 346 3181 A.
367 3128 402 3178 D.
424 3127 504 3176 1095.
523 3125 662 3194 Lupoldus
682 3127 801 3177 marchio
821 3133 849 3176 et
866 3127 1011 3177 Heinricus
1029 3125 1164 3192 palatinus
1184 3136 1336 3178 comesatt.

155 3203 288 3254 obierunt.

231 3276 276 3326 40.
312 3274 345 3325 A.
366 3274 401 3325 D.
422 3272 502 3323 1096.
541 3273 653 3338 Signum
672 3274 700 3322 in
719 3272 775 3324 sole
796 3273 821 3323 ὅ.
840 3273 910 3323 Non.
929 3272 1018 3335 Mart,
1038 3271 1143 3325 diversa
1168 3288 1274 3339 quoque

155 3349 280 3417 prodigia
299 3346 412 3399 mundus
431 3347 576 3414 parturisse
596 3346 695 3412 ubique
712 3346 888 3396 referebatur.
920 3345 1069 3412 Expedicio
1083 3347 1169 3412 prima
1182 3346 1274 3397 lhero-

155 3422 310 3476 solimitana
328 3421 377 3472 sub
396 3421 476 3471 Petro
495 3420 626 3473 monacho
646 3426 673 3471 et
692 3418 839 3472 (iodefrido
859 3419 927 3469 duce
945 3419 1118 3484 Lotbaringie
1139 3435 1172 3470 ex
1189 3420 1274 3472 omni‘

491 3565 659 3618 Beccasa'o
679 3566 772 3618 codd.
790 3566 817 3617 B
832 3566 857 3616 1.
878 3561 936 3616 02.

229 3659 263 3710 A.
283 3660 319 3710 D.
342 3659 421 3708 1096.
458 3659 607 3725 Expedioio
633 3659 719 3724 prima
744 3684 778 3694 -
805 3685 839 3694 -
865 3658 1001 3724 Europae.
1038 3653 1165 3722 Sequitur
1181 3654 1274 3722 fastor
1284 3671 1434 3722 ιιιριιι.

156 3730 269 3784 historia
287 3730 470 3798 expeditionis,
490 3749 570 3797 qaam
589 3731 646 3784 alta
663 3731 778 3783 recensio
796 3729 872 3796 iafra
891 3729 1008 3783 satiba:
1026 3731 1154 3782 Preterea
1168 3731 1274 3796 signum

155 3809 243 3858 visum
263 3808 350 3858 estin
372 3805 438 3869 sole,
463 3804 610 3872 multaque,
628 3820 680 3870 que
702 3810 757 3856 tam
781 3806 809 3856 in
834 3820 895 3856 aare
922 3820 1001 3870 quarn
1027 3831 1062 3842 -
1089 3832 1122 3841 —
1149 3803 1273 3858 Octobris

155 3880 281 3930 vidimus.
315 3879 425 3932 Stellam
446 3881 527 3930 etiam
546 3906 580 3916 -
600 3907 637 3916 -
654 3879 785 3929 victorem
805 3879 927 3947 existere.
966 3876 1081 3940 Quidam
1100 3879 1180 3928 etiam
1200 3893 1273 3944 pres·

156 3953 236 4019 byter
251 3953 317 4003 hora
335 3979 372 3990 -
384 3979 418 3990 -
439 3954 600 4020 prescriptos
614 3952 769 4003 credebant.
806 3952 877 4015 Quid
898 3951 1011 4004 referam
1029 3978 1067 3988 -
1086 3977 1118 3990 -
1140 3952 1273 4018 capitibus

157 4032 263 4112 pxortos
286 4026 377 4078 tuisse.
422 4027 584 4089 Qualiter
609 4031 723 4076 autern
748 4031 844 4077 terra
869 4041 886 4075 a
905 4023 1102 4090 gentilibus
1127 4026 1274 4076 subacta

156 4101 215 4164 sit,
234 4100 393 4151 breviter
411 4101 661 4151 intimabimus.

157 4297 180 4349 a)
196 4299 310 4340 deatot.
384 4297 409 4350 b)
425 4299 504 4349 ibique
520 4299 563 4340 02.
639 4297 660 4349 c)
678 4299 795 4341 obsessam
811 4299 995 4340 insultator
1077 4296 1101 4349 d)
1118 4297 1273 4336 morituros

157 4357 186 4448 'el
197 4357 360 4459 ιτιὲὶιθοιὶιῖξθι
402 4356 421 4410 ι)
443 4359 493 4398 tusc
508 4359 538 4398 ad
553 4370 574 4399 a.
592 4359 656 4400 1091.
673 4359 734 4399 tabet
749 4359 792 4406 02
808 4359 949 4400 tocaaaov
937 4369 987 4398 vero
1002 4356 1048 4410 (ati
1063 4358 1169 4398 aotam
1144 4354 1272 4407 ιι)1ιιιι.
