3102 4978
82 3171 85 3176 ,
180 3101 335 3168 ecclesiae

449 409 638 462 CHRONIOA
657 410 768 462 REGIA
785 409 1036 462 OOLONIENSIS.
1248 412 1303 464 VII

181 579 321 646 codicem
350 579 412 642 brec
439 577 585 643 benevole
607 579 837 642 transmissum
866 578 1041 664 diligenter
1062 581 1254 646 eccaminaoi
1275 591 1304 646 et

182 687 241 751 ope
265 664 297 728 V.
316 661 361 728 Cb.
378 662 632 749 Holder-Epper
653 685 733 726 usus
761 662 1009 726 describendum
1031 666 1156 728 curaui.
1199 665 1303 731 Foliis

182 756 306 814 constat
330 747 401 827 199,
422 770 527 811 manu
543 747 737 833 perspicua,
761 745 817 810 sed
833 769 959 831 parum
980 747 1123 834 elepanti
1144 758 1302 813 enarotus

181 835 218 897 iu
241 833 359 896 oborta
382 831 575 895 humiditate
596 829 765 895 nonnullis
787 829 866 894 locis
888 830 1010 914 lacera,
1034 856 1055 896 a
1074 831 1223 914 librario,
1266 835 1304 897 ui

182 919 337 980 vetustius
366 913 534 999 enemplar
562 917 645 979 satis
660 914 815 998 fideliter,
849 915 905 978 sed
935 939 1002 1004 non
1032 917 1102 981 sine
1134 856 1303 982 erroribus

181 1000 366 1065 reddidisse
396 1000 535 1063 videtne.
580 998 703 1084 Incipit
732 1001 770 1062 in
801 1000 905 1063 medio
927 1000 1122 1064 Elclceltardi
1148 1001 1303 1066 ebronico

183 1108 203 1148 a
215 1085 423 1148 Francorum
438 1085 577 1148 historio
594 1082 660 1171 (Dc
676 1082 800 1168 origine
814 1083 1012 1148 Francorum
1024 1107 1061 1169 p.
1079 1084 1164 1172 115),
1181 1085 1304 1150 desinit
1348 1161 1350 1164 Ι

181 1172 218 1234 iu
242 1169 382 1245 historio
406 1191 436 1234 a.
456 1167 548 1248 1220,
575 1190 674 1254 quam
701 1169 751 1230 ito
775 1167 949 1252 abruptam
971 1169 1128 1250 uidemus,
1160 1178 1198 1233 ut
1218 1192 1302 1234 com-

175 1252 297 1338 pluria
318 1253 426 1318 deesse
441 1260 568 1337 pateat.
608 1252 711 1336 Usque
735 1253 781 1316 ad
796 1275 827 1315 a.
845 1252 936 1315 1175.
958 1254 995 1316 in
1017 1253 1303 1319 uniuersumcum

182 1336 213 1401 A
237 1338 253 1400 1
278 1341 437 1417 conuenit,
467 1337 612 1400 sednon
641 1357 707 1399 uno
736 1335 805 1400 loco
827 1357 939 1400 ueram
964 1335 1127 1401 lectionem
1150 1339 1302 1404 seruauit.

181 1421 321 1486 Saeculo
333 1421 430 1485 ΧΙΙ.1
448 1421 612 1506 quaedam
631 1420 773 1484 inseruit
789 1421 837 1483 acl
854 1421 982 1484 comites
995 1420 1043 1486 Ca
1061 1421 1303 1507 penberpenses

182 1507 378 1590 spectantia,
410 1526 494 1591 quae
524 1513 591 1568 tum
611 1506 682 1568 uita
704 1501 882 1588 Godefridi
906 1444 1207 1592 Oappenberpensis
1236 1515 1303 1571 tum

182 1589 417 1674 diplomatibus
440 1587 689 1672 confirmantur,
711 1610 812 1671 neque
834 1597 942 1652 tamen
964 1611 1004 1652 ecc
1024 1589 1084 1653 illa
1106 1599 1213 1654 sumto
1236 1612 1302 1654 esse

176 1682 328 1759 possunt.
375 1673 463 1739 Certe
486 1675 553 1737 siue
574 1674 686 1758 ipsum
713 1671 799 1735 brono
827 1672 968 1736 codicem
989 1675 1056 1738 sine
1077 1675 1244 1758 eoremplar
1265 1676 1302 1738 in

181 1781 217 1822 eo
239 1767 406 1842 eocceptum
434 1759 472 1822 in
494 1757 693 1821 monasterio
718 1755 1006 1842 Cappcnberpensi
1036 1760 1195 1843 seriptum
1226 1779 1302 1840 esse,

181 1841 357 1907 uerisimile
390 1851 444 1905 est.
502 1841 679 1904 Praeterea
711 1862 777 1904 uno
809 1849 936 1904 tantum
964 1841 1040 1906 loco
1073 1844 1303 1907 narrationem

175 1927 385 2010 primaevam
406 1925 567 1989 librarius
590 1924 768 2008 ampliasse
790 1925 949 1988 uidetur².
973 1978 978 1988 .

264 2010 295 2072 A
311 2013 341 2074 3.
382 2009 490 2074 Oodeu
507 2007 861 2096 Guelferbytanus
878 2010 1105 2074 Eaecroveoe.
1123 2011 1151 2092 1,
1172 2011 1300 2075 membr.

181 2118 207 2161 s.
219 2095 314 2175 XIII,
336 2116 449 2158 nouem
460 2092 554 2178 folia
567 2092 703 2177 formae
724 2094 890 2176 minimae,
913 2095 1074 2178 concerptis
1096 2117 1136 2158 eoo
1151 2092 1302 2159 Caesarii

180 2178 460 2243 Heisterbacensis
500 2175 582 2242 libro
623 2178 661 2241 de
694 2176 867 2241 miraculis
900 2200 925 2240 s.
951 2179 1085 2242 Mariae
1138 2180 1301 2242 uaedam⁸

179 2265 321 2328 inseruit
342 2285 381 2326 en
397 2263 505 2327 codice
521 2263 552 2324 A
563 2262 584 2326 2
596 2260 770 2326 simillimo.
806 2262 880 2345 Apo
905 2262 1017 2344 rapti,
1034 2285 1097 2408 {uo
1135 2264 1171 2326 iu
1186 2261 1300 2326 biblio·

179 2348 272 2412 tbeca
281 2347 532 2411 Haunooerana
543 2349 630 2410 inter
642 2344 785 2410 Gruberi
795 2347 867 2409 sobe
894 2368 932 2409 as
944 2355 1036 2410 easta
1058 2356 1122 2427 at⁴,
1134 2345 1302 2430 eccemplar

179 2431 250 2495 iam
278 2439 353 2495 ante
381 2430 499 2496 multos
529 2453 636 2494 annos
648 2429 738 2576 poci.
786 2430 887 2494 Nunc
914 2452 990 2495 uero
1020 2431 1034 2493 i
1059 2453 1131 2495 sum
1160 2432 1302 2496 codicem

180 2539 202 2578 a
220 2515 251 2582 V.
270 2511 314 2580 Cb.
330 2515 369 2579 de
381 2515 598 2595 Heinemann‚
614 2514 647 2578 bi
666 2514 821 2578 liotbecae
860 2514 1012 2598 raefecto,
1027 2455 1179 2580 benevole
1193 2523 1302 2579 trans·

179 2601 314 2664 missum
336 2601 474 2680 eneussi,
504 2621 601 2684 eoque
623 2597 789 2662 lectionem
819 2538 1091 2664 llindobonenscm
1120 2603 1157 2664 in
1179 2599 1302 2664 leuibus

180 2683 376 2768 quibusdam
398 2683 576 2764 emendari,
601 2681 794 2767 plerumque
816 2705 890 2747 vero
913 2683 1113 2765 confirmari,
1145 2683 1301 2748 intelleni.

264 2768 341 2830 Bl.
388 2766 496 2833 Codeu
534 2764 895 2852 Guelferbytanus
926 2766 1146 2853 Augustanus
1181 2767 1301 2849 74..3,

179 2852 308 2916 membr.
320 2849 387 2935 fol.
409 2854 487 2916 min.
510 2875 593 2916 saec.
616 2850 716 2931 XIII,
744 2850 820 2916 olim
842 2849 940 2916 Liber
962 2849 1074 2915 Sancti
1096 2850 1300 2916 Pantaleonis

179 2935 215 2998 in
230 2933 375 3000 Colonia.
419 2935 485 3016 Qui
506 2932 673 2999 abstulerit
698 2933 868 2998 anathema
885 2935 926 2999 sit
946 2937 1159 3020 inscriptus⁵,
1213 2945 1300 3000 osteo

179 3040 256 3104 pars
289 3017 519 3166 suppellectilis
545 3019 677 3084 Ioannis
705 3016 850 3104 Oampii,
876 3020 1031 3084 canonici
1058 3027 1090 3083 et
1117 2959 1301 3084 scholastici

385 3103 529 3167 .Mariac
552 3113 585 3167 et
608 3101 799 3167 Ostherinae
823 3101 934 3190 oppidi
951 3101 1122 3168 Meifeldon
1145 3103 1200 3190 (1),
1221 3114 1300 3169 tunc

180 3186 388 3251 bibliothecae
396 3187 685 3251 MatthiaeBeecbs
698 3187 764 3269 (ool
775 3188 897 3268 Beeclc)
909 3187 1023 3252 illatas
1034 3197 1088 3270 est,
1105 3186 1300 3272 ouiusfilius

179 3270 296 3336 Petrus
325 3293 397 3336 eum
420 3271 565 3335 Henrico
595 3271 634 3334 ab
657 3268 824 3335 Eielcboltz
852 3273 1012 3337 assessori
1032 3295 1180 3337 camerae
1201 3275 1300 3356 impe·

179 3353 279 3420 rialis
295 3355 465 3439 Spirensis
481 3355 568 3420 dono
584 3354 683 3419 dedit.
726 3354 823 3418 Iiber
844 3378 911 3419 non
934 3379 1004 3420 uno
1018 3378 1121 3420 manu
1139 3365 1300 3420 euarotus

182 3438 241 3502 191
256 3438 358 3524 foliis
373 3449 509 3520 constat,
532 3462 670 3526 quorum
688 3439 852 3504 nonnulla
860 3448 940 3524 post
960 3449 1043 3503 sunt,
1058 3441 1194 3518 inserta,
1215 3461 1298 3505 nou·

179 3522 275 3586 nullu
286 3522 436 3606 fortasse
459 3523 536 3589 aliis
563 3525 694 3589 remotis
722 3523 903 3587 substituta.
946 3523 1120 3587 Praeterea
1140 3523 1301 3589 uolumini

180 3609 419 3693 compinpeudo
449 3607 573 3692 dupleec
598 3606 725 3693 folium
756 3607 938 3671 adhibitum
974 3615 1055 3687 erat,
1089 3609 1177 3691 quod
1210 3607 1299 3673 alius

179 3690 354 3756 chronicae
375 3701 506 3758 nostroe
537 3694 737 3757 recensionis
760 3694 901 3757 eontinet
912 3690 1120 3777 fropmentm
1149 3714 1189 3757 en
1210 3701 1260 3758 oet
1286 3731 1297 3740 -

180 3776 281 3840 stiore
310 3785 346 3839 ut
366 3776 497 3840 uidetur
518 3776 702 3860 enemplori
730 3777 905 3861 seposito⁰.
951 3776 1098 3842 Codicem
1126 3778 1196 3842 iam
1223 3785 1298 3841 ante

180 3994 209 4062 1)
230 4013 255 4048 a.
278 3997 357 4047 1121.
379 3997 459 4050 1125.
481 3999 561 4051 1152.
618 3997 648 4062 2)
668 4016 694 4048 a.
711 3999 790 4050 1133.
852 3997 881 4065 3)
902 4015 935 4049 em
955 4015 980 4050 a.
1003 3999 1083 4050 1193.
1105 3998 1297 4050 1196-1199.

180 4069 364 4123 12011205.
468 4074 499 4142 4)
524 4073 555 4124 V.
574 4071 655 4123 Arcti.
674 4071 726 4135 XI,
742 4089 772 4138 p.
794 4072 856 4121 346.
894 4071 956 4123 Hoc
974 4071 1110 4136 KPertz,
1130 4070 1180 4124 SS.
1200 4070 1297 4136 XVII,

174 4161 207 4209 p.
238 4144 298 4206 128,
331 4161 439 4197 numero
464 4148 480 4196 3
509 4145 661 4213 insipnivit3
692 4145 761 4196 idem
789 4162 854 4196 sone
883 4153 920 4196 est
951 4145 1023 4212 quod
1048 4163 1081 4211 p.
1105 4143 1168 4196 848.
1201 4143 1297 4201 attulit.

179 4215 250 4267 Miro
270 4234 331 4268 uero
352 4235 439 4270 errore
464 4221 593 4284 lectiones,
620 4235 687 4284 quas
712 4217 774 4269 olim
793 4235 825 4270 ea
844 4217 957 4270 Frobem'
981 4217 1095 4270 editione
1120 4225 1299 4282 enotaoercm,

179 4289 264 4341 codici
288 4291 329 4342 illi
351 4291 451 4344 tribuit.
564 4291 593 4358 ὃ)
613 4293 655 4344 Dc
679 4291 798 4344 uersibus
822 4290 898 4343 initio
924 4289 1029 4357 scriptis
1049 4310 1075 4344 o.
1097 4291 1172 4356 infra
1185 4308 1216 4356 p.
1234 4302 1297 4344 XIV.

179 4361 209 4426 6)
228 4363 365 4416 Foliorum
381 4365 485 4430 forma,
511 4367 624 4418 manime
650 4365 763 4417 latitudo
789 4365 823 4416 ab
842 4365 890 4416 hoc
916 4363 1003 4416 codice
1022 4365 1121 4430 differt,
1146 4362 1186 4415 ita
1205 4370 1234 4414 ut
1261 4361 1299 4413 ad

179 4453 240 4488 eum
259 4437 320 4489 olim
334 4438 498 4506 pertinuisse
517 4440 592 4491 baud
606 4437 721 4506 possint.
