3098 4982
321 338 373 389 272
440 337 625 391 cflssoulcn
644 337 757 389 REGIA
773 335 1022 388 communis.
1042 337 1146 390 ΟΟΝΤ.
1157 336 1207 387 1v.
1226 336 1258 386 A.
1271 334 1352 386 1237.

320 514 418 570 noctu
437 505 576 590 fugiunt,
604 505 736 592 cpidum
757 504 982 590 relinquentes.
1025 505 1122 570 Mane
1150 504 1246 586 facto,
1275 504 1453 589 inperator

321 599 426 654 castra
458 610 561 655 vacua
592 601 625 654 et
656 590 835 654 carrocium
867 587 961 652 simul
993 610 1066 653 cum
1098 597 1254 674 potestate
1288 587 1377 686 capit
1413 597 1451 652 et

320 676 427 759 ipsum
448 683 640 760 potestatem
661 671 959 755 Mediolanensium,
981 673 1083 740 filium
1105 672 1195 738 ducis
1214 673 1449 754 Venecrorum,

320 759 355 822 in
370 757 483 823 eodem
499 780 595 822 curru
609 759 772 858 captivum
787 767 918 844 propter
933 755 1153 844 spectaculum
1165 765 1261 821 cum⁸
1275 755 1448 842 triumpho

321 841 514 907 Cremonam
541 842 674 907 adducit
682 843 706 906 ¹³.
755 841 803 907 Ca
826 852 859 907 ta
887 851 961 906 sunt
989 852 1095 906 autem
1125 841 1160 905 in
1189 840 1250 905 hoc
1278 839 1447 922 conflictu,

322 925 426 991 occisa
458 925 509 991 vel
541 925 708 992 submersa
739 927 774 990 in
802 864 901 990 durio
930 925 1005 1012 ch
1033 925 1171 991 hostium
1199 925 1312 990 decem
1339 923 1446 988 milia.

320 1009 374 1074 Ex
395 1019 487 1096 parte
508 1011 697 1096 inperatoris
718 1011 907 1097 paucissimi
928 1013 1100 1096 perienmt.
1143 1010 1312 1094 Inperator
1333 1029 1446 1072 carro-

322 1096 408 1158 cium
422 1095 559 1159 Romam
581 1096 677 1160 mittit
698 1095 732 1158 in
753 1097 780 1159 si
825 1116 880 1159 um
902 1104 934 1159 et
955 1096 1142 1159 memoriam
1157 1093 1252 1157 huius
1273 1092 1444 1178 triumphi.

321 1177 435 1243 Natale
464 1179 597 1242 Domini
622 1180 691 1263 agit
717 1200 782 1264 apu
831 1179 978 1264 Papiam,
1008 1190 1040 1244 et
1068 1177 1206 1265 quedam
1233 1178 1379 1242 civitates
1406 1179 1446 1240 in

322 1283 414 1326 suam
435 1263 568 1327 veniunt
590 1261 796 1345 deditionem,
820 1261 933 1326 Lauda
954 1261 1076 1328 scilicet
1097 1272 1129 1327 et
1147 1260 1310 1326 Vercellis.

238 1347 312 1390 ¹²³⁸?
404 1347 501 1433 Ips0⁰
522 1369 606 1412 anno
628 1348 663 1411 in
691 1347 742 1412 die
769 1348 857 1413 beati
885 1345 996 1411 Albini
1025 1346 1171 1433 grandod
1198 1347 1232 1409 in
1261 1347 1443 1430 quantitate

214 1408 455 1494 ¹““'¹'cvorum
482 1430 702 1495 columbarum
727 1433 818 1512 vitea,
855 1430 948 1496 erbas
978 1440 1011 1495 et
1038 1439 1163 1516 segetes
1190 1431 1372 1516 plerisque0
1405 1431 1445 1492 in

320 1515 398 1579 locis
420 1524 452 1578 et
473 1515 626 1601 precipue
641 1537 742 1602 prope
759 1515 927 1581 Coloniam
947 1516 1128 1600 prosternit.
1172 1514 1314 1596 Quidam
1335 1515 1445 1578 eciam

321 1597 532 1681 affirmabant,
568 1622 602 1664 se
637 1600 756 1665 vidisse
791 1598 932 1686 lapidem
967 1600 1132 1684 grandinis
1167 1600 1202 1663 in
1239 1596 1444 1685 longitudine

322 1681 448 1747 dimidii
470 1681 570 1749 cubiti
593 1685 679 1749 etin
700 1707 714 1748 s
739 1684 905 1750 issitudine
929 1684 1082 1772 quatucrf
1094 1683 1278 1768 digitorum.
1314 1683 1443 1746 Ventus

322 1768 425 1832 eciam
458 1768 648 1852 grandinem
680 1707 873 1855 suhsequtus
908 1770 942 1833 in
975 1767 1082 1832 multis
1110 1767 1200 1850 locis,
1238 1768 1380 1831 maxime
1405 1767 1444 1829 in

321 1849 500 1933 Westfalia,
529 1851 660 1917 arbores
682 1852 836 1917 radicitus
859 1855 949 1935 eruit,
980 1853 1093 1917 domos
1116 1851 1258 1934 destruit,
1282 1849 1443 1938 quosdam

322 1935 507 2000 suffocans&
521 1935 666 2001 homines
685 1948 717 2001 et
731 1939 884 2002 iumenta.
968 1937 1111 2018 surrish,
1135 1957 1233 2044 (puam
1246 1934 1443 2001 venerabilis

322 2018 599 2107 archiepiscopusi
623 2021 837 2107 Engelbertus
857 2030 930 2086 ante
953 2030 1094 2086 castrum
1108 2020 1222 2086 Turun
1243 2030 1443 2103 exnurxerat,

323 2101 395 2168 dolo
411 2125 448 2168 ca
470 2105 535 2168 itur
548 2127 568 2168 a
582 2105 761 2171 fautoribus
777 2106 938 2192 palatinil.
1008 2105 1155 2192 Hyemps
1170 2106 1313 2187 remissa,
1324 2105 1442 2187 vende,

323 2189 409 2270 nive,
431 2126 541 2275 pluvia
562 2189 799 2276 distemperata.

250 2281 315 2324 1²³⁸·
408 2273 447 2336 In
479 2270 593 2337 eadem
624 2274 738 2359 hyeme
770 2275 858 2339 circa
912 2272 1144 2338 urilicationem
1181 2272 1274 2339 beate
1307 2273 1442 2358 virginis

222 2341 286 2384 Μ’·
294 2345 315 2386 ²·
326 2378 434 2422 comes
467 2354 624 2430 Olivensis
632 2369 654 2439 ²,
688 2359 826 2423 comite³
894 2357 1030 2422 ollandie
1063 2357 1125 2422 sibi
1157 2357 1266 2422 navali
1298 2358 1443 2422 exercitu

326 2461 514 2506 succursum
534 2442 664 2522 ferente,
686 2442 811 2506 invadit
830 2443 910 2508 fines
929 2442 1128 2529 archiepisco
1152 2452 1223 2506 atus
1240 2441 1442 2507 Coloniensis

325 2534 357 2590 et
378 2535 521 2589 castrum
549 2525 783 2612 archiepiscopi
811 2526 975 2613 Haspele⁴
1003 2548 1105 2612 prope
1129 2465 1219 2591 ltes⁵
1253 2528 1350 2590 situm
1382 2547 1442 2611 per

324 2607 530 2674 traditionem
566 2608 730 2674 castellani
765 2610 909 2675 eiusdem
945 2611 1041 2675 castri
1074 2612 1162 2696 capit
1194 2620 1226 2675 et
1258 2609 1439 2695 confringit.

325 2691 593 2778 Archiepiscopus
616 2695 753 2776 antemi,
786 2693 887 2758 electa
913 2716 1010 2759 manu
1037 2695 1167 2759 militari
1195 2692 1338 2759 celeriter
1367 2715 1441 2758 con-

325 2785 469 2861 gregata,
483 2777 668 2864 inopinatus
682 2776 812 2842 advolat
825 2777 932 2844 hostes
947 2779 1166 2865 propulsurus.
1200 2778 1266 2844 Sed
1280 2778 1445 2860 mediante

326 2862 443 2925 comite
466 2859 642 2926 Gehense⁶
664 2871 696 2926 et
717 2863 870 2928 instanter
897 2886 935 2928 su
960 2863 1109 2948 plicante,
1132 2863 1269 2928 eundem
1291 2863 1441 2941 comitem

327 2943 509 3009 Olivensem
531 2946 563 3008 in
579 2945 773 3011 deditionem
786 2948 909 3032 recipit,
931 2885 1132 3012 habundanti
1146 2949 1293 3012 caudcne
1308 2957 1441 3032 accepta

326 3029 366 3092 de
389 3030 484 3094 castri
506 3029 555 3094 sui
569 3027 665 3116 longe
679 3030 804 3095 meliori
817 3033 1017 3118 reparatione
1032 3039 1064 3096 et
1084 3033 1200 3096 iniurie
1215 3031 1438 3097 satisfactione.

350 3160 352 3164 .
409 3115 472 3178 Per
482 3112 569 3179 idem
579 3122 708 3201 tempus
723 3115 806 3179 infra
821 3115 1100 3215 quadragesimam
1115 3117 1149 3180 in
1160 3115 1352 3197 Coloniensi,
1365 3115 1440 3180 Tre-

325 3198 446 3263 virensi
472 3208 504 3262 et
530 3197 721 3284 Moguntina
747 3201 920 3286 provinciis
948 3210 980 3265 et
1001 3201 1142 3265 maxime
1163 3201 1197 3263 in
1219 3199 1340 3265 diocesi
1361 3199 1439 3264 Leo·

326 3280 428 3347 diensi
463 3282 598 3369 plurime
634 3306 747 3370 guerre
784 3294 966 3370 emergunt,
1002 3294 1134 3372 propter
1178 3305 1257 3371 quas
1294 3286 1439 3348 incursus

325 3366 491 3449 bellorum,
514 3367 759 3454 depredationes
782 3377 814 3432 et
829 3368 977 3434 incendia
998 3368 1098 3433 multa
1119 3369 1233 3438 fiunt*
1318 3369 1357 3432 In
1378 3368 1439 3434 fine

325 3451 470 3516 eiusdem
499 3451 768 3538 quadragesime*
791 3451 871 3517 obiit
892 3452 1028 3518 domnus
1050 3453 1210 3518 Henricus
1241 3451 1439 3517 Coloniensis
1476 3502 1480 3510 .

326 3535 596 3622 archiepiscopus.

388 3661 416 3728 ²⁵)
437 3661 478 3713 02
491 3663 582 3714 addit:
611 3663 738 3714 Eodem
758 3678 844 3713 anno
865 3670 1010 3714 castrum
1025 3662 1439 3731 quoddiciturAmiralde

437 3734 476 3786 de
497 3737 684 3788 obsidione
705 3743 758 3788 est
776 3736 980 3789 absolutum.

327 3861 349 3913 a)
366 3864 421 3902 dccet
436 3863 479 3906 02.
538 3863 562 3916 b)
579 3866 676 3905 adduxit
691 3864 751 3906 01.η
797 3863 818 3916 c)
834 3864 854 3902 t.
869 3865 883 3906 l.
899 3866 923 3904 ia
941 3866 1039 3916 marpissa
1058 3867 1161 3906 interiora
1182 3867 1267 3906 artavit
1287 3867 1334 3905 alta
1353 3877 1439 3906 manus:

326 3923 401 3963 Nota:
418 3924 479 3963 istud
494 3926 605 3974 precedet
619 3925 669 3964 Bl.
707 3921 731 3976 d)
747 3936 774 3964 m.
790 3935 808 3966 a.
821 3923 869 3964 XV.
885 3925 1042 3976 amiens.
1079 3923 1277 3976 e)prisqneB1.
1308 3923 1440 3975 oquatuor

327 4001 354 4012 -
371 3982 507 4030 grandinem
522 3985 566 4024 dea.
582 3985 623 4025 01.
657 3981 680 4033 ε)
691 3984 790 4024 suffocat
804 3983 847 4024 01.
857 3984 878 4026 ἰ.
910 3981 934 4036 h)
947 3985 967 4026 t.
982 3985 996 4025 l.
1020 3985 1091 4024 eum
1108 3995 1176 4024 manu
1190 3995 1235 4034 qua
1249 3995 1319 4034 snpra
1334 3983 1365 4034 (a.
1383 3985 1402 4035 c)
1416 3985 1440 4024 ta

326 4051 393 4090 muru.
408 4047 511 4081 notatur.-
524 4046 547 4083 et
561 4043 621 4082 istud
637 4045 739 4093 priorem
755 4053 842 4083 annum
858 4043 908 4084 Bl.
974 4041 992 4094 i)
1009 4044 1133 4094 episcopus
1150 4044 1222 4084 01.2.
1288 4041 1313 4094 k)
1329 4044 1384 4082 aaut
1399 4042 1439 4085 Οἱ.

329 4153 357 4219 1)
379 4153 489 4217 Ottonia,
508 4153 583 4205 duas
602 4155 749 4208 Bactriae.
795 4153 824 4222 2)
849 4153 1032 4207 mordemus.
1072 4154 1102 4220 3)
1121 4155 1261 4208 Wilhclmo.
1300 4155 1330 4221 4)
1350 4153 1439 4223 Arpel.

327 4230 357 4295 ὃ)
376 4227 443 4280 Reae
461 4245 544 4294 prope
565 4228 653 4281 chel.
729 4229 757 4296 6)
780 4228 880 4282 Ottcne.
957 4227 984 4294 7)
1004 4229 1032 4282 d.
1054 4229 1097 4280 26.
1119 4227 1222 4281 Martii.

782 4415 980 4426 nn--oe———a-
