3098 4982
224 402 543 456 claromontanam
564 403 818 460 COLONIENSIS.
837 405 940 464 CONT.
950 408 983 459 V.
1003 406 1036 457 A.
1048 406 1129 460 1246.
1207 406 1261 458 289

138 571 274 658 siliginis
302 571 429 635 nonnisi
465 593 525 657 pro
546 571 648 636 tribus
678 572 789 637 solidis
803 573 1011 657 ¹venderetur,
1038 575 1167 638 cumin
1188 597 1261 639 rure

137 654 211 742 plus
233 653 440 725 solveretur&
495 653 598 719 Cuius
626 658 736 721 statuti
765 679 819 723 eos
840 659 987 744 penituit,
1009 680 1082 722 cum
1117 657 1263 723 viderent

138 761 290 824 magnam
323 737 437 826 populi
469 737 691 823 afflictionem,
728 743 804 827 quia
831 750 965 828 propter
992 741 1077 806 idem
1107 751 1262 808 statutum

140 844 268 888 annona
289 821 459 888 Coloniam
480 845 546 886 non
567 822 818 890 adducebaturl.

225 906 349 971 Eodem
378 915 524 992 tempore
551 906 690 972 domnus
717 909 978 996 archiepiscopus
1002 907 1202 974 Coloniensis
1230 918 1262 974 et

140 990 396 1076 Mogontinensis
417 991 508 1054 iuxta
529 989 734 1078 Herbipolim
756 995 969 1059 conveniunt⁰
992 1001 1023 1058 et
1043 992 1261 1079 lantgravium

141 1072 319 1160 Thuringie
345 1073 466 1139 ibidem
497 1086 679 1159 presentem
706 1075 829 1162 eligunt
857 1079 891 1142 in
912 1099 1032 1162 regem,
1064 1078 1260 1176 prefigentes

142 1159 266 1221 curiam
287 1159 410 1244 regiam
433 1160 521 1245 apud
543 1159 784 1224 hhanlrinvortd
805 1162 840 1224 in
861 1161 941 1226 festo
961 1159 1073 1226 lacob1
1095 1169 1260 1247 sequente.
1272 1175 1315 1219 1¹1².
1325 1175 1363 1220 2⁶·

142 1243 216 1323 Quo
240 1264 313 1306 cum
335 1243 458 1307 veniret
478 1265 538 1308 rex
560 1242 679 1308 electus
709 1254 741 1309 et
768 1245 1002 1331 archiepiscopi
1028 1245 1162 1330 predicti
1186 1266 1260 1308 cum

140 1325 250 1392 multis
285 1325 357 1391 aliis
395 1328 564 1413 episcopis,
602 1329 793 1394 invenerunt
827 1327 892 1393 illic
930 1327 1125 1411 Conradum,
1160 1327 1261 1392 filium

139 1411 342 1496 imperatoris
365 1409 511 1497 depositi,
539 1410 615 1476 olim
638 1411 774 1478 electum
796 1414 830 1476 in
850 1432 971 1512 regem,
1000 1413 1056 1511 qui
1078 1435 1112 1477 se
1139 1410 1261 1476 ibidem

138 1495 219 1580 ipsis
249 1495 408 1581 opposuit.
451 1495 621 1560 Hesitante
649 1506 756 1561 autem
789 1506 932 1562 exercitu
964 1506 1131 1583 ntrrusque
1159 1497 1261 1582 partis

138 1601 199 1665 per
219 1578 340 1665 aliquot
362 1578 430 1643 dies
452 1578 527 1643 hinc
548 1578 632 1662 inde,
655 1579 786 1645 tandem
807 1583 841 1644 in
862 1581 914 1645 die
931 1579 1074 1646 Oswaldi
1095 1581 1261 1666 congressi
1271 1597 1327 1648 Auo·
1336 1597 1360 1640 ὅ.

141 1671 225 1745 sunt,
247 1661 369 1727 scilicet
390 1662 492 1727 Nonis
514 1662 664 1748 Augusti,
686 1673 719 1728 et
740 1663 917 1746 Corradus,
941 1665 1026 1729 filius
1047 1665 1260 1752 imperatoris,

88 1833 90 1837 ι
140 1747 247 1811 victus
274 1745 414 1832 aufugit,
445 1745 518 1833 plus
553 1769 650 1832 quam
701 1748 792 1812 uadri
838 1750 920 1813 entis
948 1748 1104 1813 militibus
1133 1749 1173 1814 de
1202 1770 1261 1812 sua

140 1839 232 1916 parte
261 1831 441 1916 captivatis,
470 1852 607 1917 quorum
633 1853 665 1894 m
701 1842 750 1896 tos
773 1831 820 1897 Co
833 1832 973 1896 oniensis
1000 1832 1199 1917 archiepisco
1223 1854 1261 1896 us

140 1936 251 1979 secum
272 1914 408 1980 abduxit
428 1916 583 2001 captivos.
626 1915 870 2000 Argentinensis
884 1918 1078 2002 episcopus¹
1101 1917 1135 1979 in
1156 1939 1190 1980 re
1215 1916 1261 1981 ‘tu

141 1997 326 2079 abeodem
358 1999 521 2086 triumpho
555 1999 692 2098 quedam
721 2010 826 2064 castra
856 2001 1056 2085 imperatoris
1082 1999 1202 2065 devicit
1229 2011 1262 2065 et

141 2085 267 2148 evertit.
311 2082 489 2165 Oomadus,
524 2082 609 2147 fihus
641 2084 842 2170 imperatoris
871 2083 1018 2169 depositi,
1049 2081 1146 2169 paulo
1173 2092 1261 2170 post·

142 2188 240 2254 quam
263 2169 368 2232 victus
391 2177 448 2249 est,
477 2167 571 2232 duxit
592 2168 626 2232 in
647 2170 814 2254 coniugem
836 2167 956 2231 filiam²
979 2167 1070 2232 ducis
1091 2167 1240 2232 Bavarie.

225 2251 337 2316 Mense
352 2252 501 2316 Ianuario
517 2251 739 2317 Theudoricus
762 2273 869 2316 comes
892 2251 932 2315 de
946 2250 1114 2315 Hosteden
1135 2251 1262 2316 iuvenis

141 2335 284 2401 moritur.
330 2335 393 2401 Oui
420 2336 565 2400 succedit
585 2335 778 2418 Fridericus,
807 2335 951 2400 eiusdem
972 2343 1118 2421 patruus,
1148 2357 1263 2422 prepo-

142 2420 222 2484 situs
255 2420 373 2486 Sancte
401 2419 504 2484 Maria
535 2420 576 2484 de
605 2419 785 2503 Gradibus3
819 2421 874 2506 qui
902 2427 1011 2484 tamen
1040 2418 1148 2483 divino
1180 2430 1262 2484 nutu

141 2515 248 2570 motus
274 2505 380 2590 pridie
401 2503 473 2569 Kal.
495 2504 594 2568 Maii³
624 2505 812 2569 comitatum
841 2503 882 2568 de
904 2502 1070 2568 Hosteden
1099 2511 1131 2568 et
1154 2501 1263 2568 nobile

142 2597 282 2651 castrum
303 2588 345 2652 de
367 2587 454 2652 Are⁴
476 2610 551 2652 cum
574 2589 722 2653 omnibus
742 2589 917 2654 attinentiis
940 2586 1073 2653 contulit
1095 2595 1127 2651 et
1148 2586 1264 2652 obtulit

143 2669 263 2735 Sancto
285 2672 391 2753 Petro,
414 2680 449 2736 ut
463 2672 724 2760 archiepiscopus
741 2672 943 2738 Coloniensis
958 2694 997 2738 ea
1017 2672 1052 2734 in
1072 2682 1262 2758 perpetuum

142 2753 306 2839 possideat
327 2754 482 2820 absolute.

227 2838 388 2902 Dominus
409 2860 496 2926 papa
522 2839 564 2904 de
590 2861 717 2906 camera
744 2862 803 2904 sua
828 2841 916 2905 misit
937 2840 1050 2905 decem
1071 2838 1160 2904 milia
1181 2860 1264 2902 mar-

143 2941 253 2984 carum
274 2943 358 2986 novo
380 2923 448 3008 regi
477 2925 688 3009 assignandas
716 2932 790 2989 ante
810 2924 980 2990 victoriam
1009 2923 1153 2989 habitam
1175 2923 1263 3009 apud

142 3004 399 3072 Frankenvorte.
453 3006 536 3070 Item
564 3016 638 3092 post
664 3009 835 3072 victoriam
856 3009 946 3072 misit
967 3007 1153 3133 puiadecim
1175 3006 1263 3071 milia

142 3111 335 3173 marcarum,
357 3112 419 3177 que
441 3090 529 3176 apud
543 3090 700 3155 Leodium
718 3090 864 3176 deposita
886 3101 959 3155 sunt
999 3089 1163 3177 aliquanto
1184 3099 1262 3156 tem-

142 3195 232 3260 pore,
254 3186 290 3241 ut
310 3174 386 3239 inde
407 3197 466 3238 rex
486 3173 671 3260 largitiones
692 3175 811 3239 faceret
831 3174 1033 3260 principibus
1055 3184 1087 3240 et
1109 3173 1262 3239 militibus

143 3267 176 3324 et
196 3260 281 3324 vires
302 3259 394 3344 regni
416 3259 466 3323 sui
487 3258 638 3322 firmaret.

227 3342 352 3408 Eodem
384 3364 468 3407 anno
499 3341 640 3427 hyemali
672 3351 817 3427 tempore
852 3341 937 3405 ultra
969 3339 1098 3407 solitum
1131 3338 1261 3404 Rhenus

142 3424 317 3512 plurimum
342 3427 535 3492 exundavit.
622 3425 718 3492 Oirca
749 3425 835 3490 idem
864 3434 991 3510 tempus
1020 3423 1089 3488 dux
1109 3423 1262 3488 Austrie⁸

142 3532 217 3575 cum
239 3533 315 3596 rege
336 3511 512 3576 Bohemie⁶
542 3510 721 3592 dimicavit3
751 3509 796 3574 ibi
822 3511 926 3575 victor
954 3509 1106 3590 existens,
1135 3508 1264 3572 circiter

142 3595 297 3658 ducentos
311 3594 428 3660 milites
443 3595 648 3681 captivavit&
684 3595 775 3660 Idem
797 3593 865 3658 dux
880 3593 968 3658 circa
981 3614 1123 3657 mensem
1135 3592 1262 3656 Iunium

142 3773 167 3828 a)
183 3774 284 3816 solveret
299 3776 348 3815 Dl.
366 3778 386 3816 2.
461 3775 486 3828 b)
503 3777 616 3818 coloniae
639 3787 688 3816 non
707 3776 858 3816 amovebatur
872 3776 921 3816 M.
996 3772 1017 3826 c)
1040 3776 1199 3814 convenerunt
1213 3774 1263 3813 Dl.

142 3832 168 3886 d)
183 3833 322 3875 Francktort
337 3835 385 3876 02,
401 3835 516 3886 Sequentia
536 3837 587 3876 tado
606 3836 633 3876 ab
649 3837 674 3876 tn
690 3835 749 3875 testo
763 3846 832 3884 usque
847 3835 876 3874 aa
891 3834 994 3874 habitam
1014 3834 1075 3883 apud
1090 3833 1265 3874 Franckcnvort

143 3894 188 3935 aa.
204 3894 252 3935 ΒΞ.
312 3891 334 3944 e)
350 3894 510 3935 Franckevort
525 3896 575 3934 Dl.
634 3894 737 3946 nerant
752 3894 802 3934 Μ.
861 3892 886 3945 g)
903 3895 1006 3945 captivat
1021 3892 1070 3933 us.

144 4024 174 4091 1)
192 4023 347 4078 Ησίπνίοιιε.
385 4024 419 4076 Α.
493 4024 522 4088 2)
542 4024 733 4090 Elisabetham,
746 4025 833 4092 filiam
849 4024 959 4079 Ottour's.
996 4023 1030 4076 A.
1104 4024 1134 4089 3)
1151 4025 1180 4076 V.
1193 4022 1260 4090 ἀὶρί.

141 4097 278 4151 Friderici
295 4099 395 4150 comitio
414 4116 459 4166 ap.
470 4099 589 4163 Kremer,
608 4099 746 4152 ‘Atacem
759 4100 844 4152 Beitr.
855 4117 878 4150 z.
893 4097 1148 4166 &allah-Barpiacheo
1162 4095 1262 4148 dasch!

141 4171 185 4235 ΙΙ,
200 4190 231 4238 p.
252 4173 315 4223 257.
353 4172 420 4224 Dies
439 4173 463 4224 b.
485 4171 599 4238 Quirini,
625 4188 676 4238 quo
695 4174 789 4223 clatum
807 4180 844 4223 est
863 4170 989 4238 diprloma,
1007 4169 1037 4222 in
1056 4168 1168 4222 dioecesi
1188 4168 1262 4221 Orlo-

142 4244 231 4296 m‘ensi
248 4264 301 4296 nou
320 4245 349 4297 in
369 4247 396 4298 d.
416 4247 460 4298 30.
479 4264 513 4298 m.
528 4243 630 4309 Martii,
657 4245 752 4297 sedin
777 4245 888 4296 cundem
915 4243 984 4296 diam
1010 4243 1107 4295 mensis
1131 4241 1263 4308 sequentia

142 4315 245 4370 incidit.
284 4317 311 4370 Ο.
368 4319 399 4386 4)
418 4318 557 4371 Altcnchr.
614 4321 642 4384 b)
663 4317 818 4370 Moericus
838 4318 879 4368 II.
918 4317 951 4370 A.
1009 4315 1037 4382 6)
1055 4316 1201 4368 Wenccsloo
1221 4315 1263 4378 11,

145 4402 311 4459 cognomento
334 4391 464 4446 Ottocaro.
502 4391 535 4445 A.
574 4431 579 4442 .

995 4475 1035 4538 19
