2988 5058
214 403 265 452 EX
284 402 378 454 HIST.
398 402 679 456 EXPEDITIONUM
699 403 737 454 IN
756 404 904 454 TERRAM
925 403 1101 454 SANOTAM.
1164 403 1217 453 345

94 591 208 634 comcs
230 570 270 635 de
284 569 381 635 Wide
401 571 434 632 in
457 573 532 634 navi
554 593 612 634 sua
633 570 713 634 duas
733 570 865 635 ferendo
886 569 1024 634 laternas
1045 592 1118 635 cum
1141 569 1294 638 duo-rara

95 654 207 719 decim
218 653 356 719 navibus
371 654 558 739 precederet
570 665 601 718 ct
613 675 720 719 comes
728 654 967 719 Hollanniensis
980 655 1075 718 unica
1088 653 1219 718 lucerna

1 773 2 786 κ
97 739 134 801 in
164 739 292 824 signum
323 740 528 838 sequentium
562 760 622 824 pro
658 738 757 802 tutela
784 739 909 804 medius
938 739 1052 824 viginti
1080 748 1219 824 quatuor
1295 795 1298 802 .

95 822 294 908 cocgonibus
323 821 562 907 adiungeretur.
608 821 750 888 Sabbato
779 825 878 909 igitur
905 824 938 886 in
967 825 1118 908 passione
1138 822 1218 888 velis
1228 846 1283 896 aar.
1294 845 1316 888 r.
1405 871 1411 884 ,

1 929 2 950 ³
95 907 252 992 oppansis
288 906 433 970 ordinate
469 929 558 970 mare
599 907 852 972 conscendimus.
906 908 1145 992 Venientesque
1178 908 1219 972 ad
1256 939 1258 942 ·

93 999 227 1076 portum
251 988 359 1073 Oadir,
394 1012 502 1054 comes
524 990 564 1054 de
579 991 677 1055 Wide
699 1014 718 1055 a
740 993 793 1055 via
818 1001 908 1056 recta
937 990 1080 1073 devians,
1113 992 1218 1074 ipsum

95 1084 229 1161 portum
251 1085 326 1162 post
348 1073 572 1161 crepusculum
595 1097 667 1138 cum
691 1077 805 1161 paucis
828 1077 925 1140 intrat
938 1076 1086 1158 navibus,
1108 1075 1218 1161 ibique

96 1159 241 1224 caritatis
264 1180 344 1245 opus
367 1157 571 1224 laudabiliter
593 1180 756 1240 exercens,
778 1159 891 1224 fratres
907 1181 992 1242 suos,
1017 1161 1072 1246 qui
1092 1160 1126 1223 in
1142 1159 1219 1224 dua·

95 1243 158 1308 bus
180 1243 318 1308 navibus
333 1243 454 1308 ibidem
469 1243 672 1328 naufragium
688 1245 776 1328 passi
793 1254 875 1325 sunt,
898 1244 979 1308 salvi
1001 1251 1108 1308 tamen
1122 1245 1218 1308 rebus

98 1336 132 1391 et
155 1348 298 1413 corpore,
322 1349 396 1391 cum
424 1348 542 1412 magno
570 1325 680 1393 labore
710 1338 741 1392 et
762 1329 877 1392 timore
899 1349 1099 1413 paganorum
1126 1327 1219 1392 litora

95 1411 241 1496 undique
280 1413 477 1497 cingentium
514 1410 696 1496 colligebat.
751 1412 878 1476 Interea
914 1434 1022 1476 comes
1054 1410 1217 1476 Hollensis

95 1497 252 1560 maiorem
273 1507 397 1582 partem
420 1497 561 1577 navium,
596 1518 658 1581 que
686 1497 751 1559 iam
774 1498 920 1560 strictum
950 1517 1037 1560 mare
1059 1505 1218 1581 pertrans-

97 1579 210 1662 ierant,
233 1601 306 1643 cum
329 1580 493 1646 decernet
517 1590 590 1645 octo
604 1577 743 1644 navibus
758 1581 946 1645 cominatur.
990 1580 1096 1644 Huius
1111 1591 1218 1644 autem

98 1663 198 1726 maris
230 1661 331 1728 latera
361 1665 492 1729 astricta
524 1676 557 1729 et
587 1664 621 1726 in
649 1664 815 1750 Europam
849 1666 1019 1728 terminata
1054 1664 1217 1729 montibus

96 1744 260 1812 altissimis
283 1749 398 1812 simeas
421 1747 635 1812 nutrientibus
656 1750 895 1832 precinguntur,
926 1748 1039 1812 castris
1062 1749 1158 1812 etiam
1179 1769 1218 1812 ac

95 1829 190 1912 villis,
214 1830 319 1916 opidis
335 1844 367 1896 et
381 1831 575 1912 civitatibus,
598 1830 721 1917 Oepta1
745 1852 872 1916 quoque
887 1831 1119 1897 mercatoribus
1142 1841 1218 1896 nota

97 1913 306 1997 decorantur3
328 1914 496 2000 longitudo
519 1915 620 2000 ipsius
635 1914 741 1979 navali
756 1936 851 1980 cursu
871 1915 1032 1980 metienda
1047 1937 1105 1979 sex
1127 1915 1217 1978 hora-

95 2020 169 2062 rum
191 2007 324 2063 ventum
354 1997 555 2085 expostulat,
584 1997 718 2063 latitudo
747 2021 822 2063 vero
852 1999 1019 2063 orizuntha
1047 1999 1081 2062 in
1103 2019 1216 2084 appre-

96 2081 250 2147 hensione
271 2082 409 2147 hominis
432 2083 603 2168 equitantis
626 2081 859 2168 intelligibilem
881 2104 995 2168 parum
1020 2105 1055 2146 er
1077 2081 1215 2152 excedit,

98 2163 247 2252 Cumque
262 2167 325 2231 iam
338 2167 434 2252 primi
446 2169 564 2231 maris⁸
579 2166 687 2231 aliud⁸
702 2189 815 2232 secura
829 2189 938 2252 puppe
954 2189 967 2230 s
1004 2177 1123 2248 carent,
1140 2188 1216 2231 ecce

96 2252 160 2314 due
183 2272 280 2316 naves
302 2273 504 2336 paganorum
530 2250 665 2316 diversis
694 2251 792 2316 rebus
820 2260 949 2315 onerate
972 2273 1014 2315 ex
1041 2251 1216 2336 improviso

95 2337 211 2400 nostris
245 2345 460 2400 occurrerunt.
504 2334 573 2400 Nec
604 2356 704 2417 mora,
736 2336 770 2398 in
803 2336 909 2400 hostes
941 2335 1076 2400 vertitur
1110 2356 1216 2420 prora.

97 2417 210 2484 Statim
237 2443 277 2484 ue
298 2421 421 2484 inimici
443 2421 623 2505 capiuntur,
645 2428 677 2485 et
697 2442 797 2486 naves
812 2421 906 2506 aquis
929 2429 961 2484 et
981 2418 1111 2504 ignibus
1133 2420 1215 2505 peri-

95 2513 166 2567 ture
187 2443 420 2590 relinquuntur.
463 2506 638 2591 Postquam
661 2512 766 2570 autem
790 2527 831 2569 ex
851 2503 953 2589 preda
974 2513 1063 2568 tanta
1084 2501 1215 2588 exhyla-

95 2588 165 2666 rati,
189 2587 229 2653 de
251 2589 376 2653 comitis
391 2598 499 2654 tamen
521 2590 667 2655 absentia
681 2589 899 2672 magisanxii,
920 2588 1047 2673 longius
1061 2587 1214 2674 procede-

96 2692 213 2753 remus,
234 2685 363 2736 ventum
375 2682 424 2737 est
440 2673 481 2736 ad
500 2684 642 2738 montem
654 2675 708 2760 qui
719 2672 989 2760 Caput-Martini²
1000 2681 1212 2757 nuncupatur.

96 2753 139 2818 Et
167 2757 312 2840 sequenti
339 2755 406 2837 die,
441 2755 592 2822 videlicet
618 2758 651 2821 in
679 2779 758 2823 cena
788 2758 935 2839 Domini,
968 2778 1024 2821 aer
1051 2756 1327 2830 sereniorbrprur.

96 2841 255 2923 apparuit,
276 2839 379 2902 nubes
401 2850 437 2904 ut
458 2849 628 2925 argentum
649 2841 855 2927 purissimum
879 2842 960 2907 bene
981 2839 1118 2926 politum
1140 2841 1215 2904 ruti·

96 2921 214 3004 labant,
243 2932 275 2987 et
297 2943 390 2987 omne
412 2921 600 3009 vaporabile
628 2925 795 2990 inventum
825 2935 873 2990 cst
890 2922 1077 3009 resolutum.
1123 2923 1214 2989 Orta-

98 3029 159 3094 que
197 3016 245 3070 cst
281 3016 453 3092 tempestas
489 3007 653 3072 modernis
684 3008 838 3090 inaudita,
876 3031 938 3092 que
971 3011 1068 3072 etiam
1101 3008 1214 3074 diebus

97 3100 233 3176 quatuor
269 3091 418 3155 continue
455 3091 651 3176 perduravit.
712 3091 782 3156 Illic
818 3094 950 3155 navium
985 3092 1086 3157 malos
1122 3114 1214 3156 ruere

96 3174 245 3257 vidimus,
268 3174 340 3240 vela
362 3176 462 3240 scissa
484 3187 516 3241 et
537 3174 627 3240 bathi
648 3178 752 3262 ruptis
782 3174 888 3239 cordis
918 3175 958 3239 de
980 3174 1118 3239 navibus
1140 3185 1215 3240 sunt

97 3258 200 3324 soluti.
249 3259 391 3323 Minatur
420 3282 508 3324 mare
537 3268 682 3341 mortem,
714 3269 799 3324 terra
829 3261 1078 3358 circumquaque
1106 3259 1215 3323 Sarra-

98 3345 183 3408 cenis
216 3353 374 3444 occupata
406 3344 595 3429 martyrium
628 3343 843 3429 promittebat.
887 3343 993 3407 Naves
1025 3352 1134 3427 rtaque
1164 3342 1215 3406 sui

121 3427 306 3492 ubemaculi
327 3428 416 3493 freno
439 3439 583 3492 carentes
612 3449 686 3492 cum
717 3426 865 3514 procellis
893 3438 984 3512 rapte
1012 3435 1086 3490 sunt
1112 3434 1144 3489 et
1172 3425 1214 3490 ad

98 3449 240 3575 diversos
301 3521 389 3576 ortus
426 3511 606 3597 quarendos
648 3511 743 3596 longe
786 3510 913 3597 lateque
950 3518 1025 3574 sunt
1059 3509 1213 3609 disperse.

97 3596 247 3660 Attamen
276 3535 466 3660 llussienses
503 3618 577 3659 cum
637 3598 726 3660 aucis
761 3594 898 3660 navibus
935 3593 977 3658 ad
1013 3603 1214 3658 vocationem

98 3681 224 3764 patroni
253 3681 303 3743 sui
332 3680 419 3745 beati
442 3679 569 3761 Quirini
596 3617 795 3764 aliorumque
824 3689 1007 3743 sanctorum
1033 3679 1214 3744 interventu

98 3762 182 3847 apud
204 3762 340 3827 insulam
362 3786 464 3850 prope
485 3763 634 3830 Minorke
656 3763 860 3850 Kiporoure³
883 3763 1013 3844 dictam,
1037 3762 1212 3828 Sarraceno

98 3854 301 3921 monstrante,
325 3869 420 3946 quem
443 3846 573 3933 quidam
596 3849 799 3914 detinuerant
828 3848 1001 3934 captivum,
1030 3858 1158 3932 portum
1179 3847 1214 3909 in

98 3951 269 4014 parasceve
290 3931 425 3997 feliciter
446 3931 603 3996 adierunt.
649 3932 867 4017 Confugerant
892 3941 998 3996 autem
1021 3939 1212 3996 mercatores
1223 3959 1278 4010 aar.
1288 3960 1323 4004 ra.

98 4013 138 4077 ad
165 4013 304 4080 eundem
332 4024 460 4101 portum
490 4015 531 4080 ob
562 4015 696 4080 eandem
724 4037 871 4098 causam,
899 4017 954 4102 qui
983 4016 1151 4080 nobiscum
1179 4015 1213 4078 in

99 4097 148 4163 die
168 4099 288 4184 pasche
315 4100 530 4165 sacratissimo
554 4099 672 4165 Christi
695 4101 821 4185 corpori
851 4110 883 4164 et
904 4123 959 4164 san
985 4100 1053 4163 uini
1075 4116 1277 4168 commu-rar.
1288 4118 1323 4159 1⁶.

97 4183 251 4249 nicarunt.
297 4183 448 4249 Secunda
472 4184 583 4263 feria⁰,
615 4183 803 4249 ductoribus
836 4183 876 4248 ab
910 4123 1030 4248 eisdem
1063 4183 1213 4268 acceptis,
1223 4203 1277 4255 Aa.
1289 4206 1323 4247 rs.

99 4307 120 4362 a)
136 4310 167 4350 itu
183 4322 215 4361 c.,·
231 4313 302 4351 maris
318 4311 481 4352 altitudinem?
540 4310 564 4363 b)
581 4312 660 4352 renior
673 4323 693 4352 c.
754 4310 775 4362 c)
791 4311 851 4352 teria
866 4323 883 4353 r.

102 4402 128 4471 1)
148 4403 237 4458 Orata.
295 4408 323 4474 2)
345 4405 414 4457 Octo
428 4404 572 4458 &Martia
585 4407 653 4458 inter
666 4406 788 4459 Alironte
801 4415 825 4458 et
844 4405 980 4458 Vetraria.
1038 4403 1067 4472 3)
1089 4401 1213 4468 Gabreta,

98 4477 257 4543 arridetur,
275 4497 359 4546 prope
381 4477 535 4532 Maiorram.
