2988 5058
312 363 467 414 MARTINI
489 362 735 416 coNTINUhTIO
756 362 1009 417 communem.
1166 365 1220 417 859

90 532 197 598 dione
212 530 403 598 circumdat
441 532 507 595 At¹
523 531 782 616 archiepiscopus
805 540 837 597 et
857 531 995 618 predicti
1005 531 1131 598 nobiles
1145 554 1219 598 cum
1231 555 1299 599 isos.

91 617 216 682 maiori
231 617 375 681 exercitu
389 615 564 682 electorum
580 617 852 701 supervenientes,
870 615 986 681 ducem
1001 626 1033 682 et
1048 639 1123 683 suos
1137 617 1219 684 fero·

92 702 180 766 citer
200 700 366 783 invadunt,
388 709 421 766 et
439 700 496 765 diu
510 721 629 786 anceps
644 721 755 786 pugna
775 699 845 765 fuit.
889 701 1034 766 Tandem
1057 701 1125 767 dux
1146 724 1220 768 cum

92 785 245 850 maxima
280 783 370 850 clade
401 805 531 849 suorum
572 793 704 849 cruenta
733 785 869 850 victoria
900 785 1021 870 potitus
1054 794 1110 853 est.
1169 786 1221 851 Ibi

93 869 275 934 Heinricus
297 890 405 934 comes
427 869 468 933 de
489 866 716 949 Luzlinburch,
738 879 830 954 pater
852 868 925 934 dive
946 871 1100 935 memorie
1121 870 1222 936 Hein-

94 953 170 1035 rici,
193 962 306 1039 postea
326 953 539 1039 imperatoris,
561 962 593 1017 et
614 953 683 1020 eius
704 952 803 1017 frater
816 953 1001 1019 Walramus
1022 955 1220 1020 interierunt.

94 1036 274 1102 Heinricus
303 1037 404 1104 eciam
427 1036 467 1102 de
482 1035 704 1126 Westerburg,
734 1037 833 1103 frater
856 1037 1101 1124 archiepiscopi,
1130 1039 1221 1104 miles

96 1144 116 1186 e
160 1123 263 1208 egius,
296 1123 352 1209 qui
373 1121 497 1187 fortiter
524 1121 571 1187 ibi
599 1121 714 1185 fecisse
735 1135 869 1188 vocatus
902 1131 960 1204 est,
993 1121 1155 1204 occubuit,
1189 1132 1221 1189 et

95 1228 119 1292 p
133 1228 282 1292 usquam
292 1205 378 1271 mille
389 1206 534 1270 homines
549 1204 671 1270 ibidem
684 1204 839 1273 cecidisse
854 1215 1079 1270 memorantur.
1103 1205 1221 1272 Comes

96 1290 206 1354 eciam
229 1289 435 1355 Gelrhensisb
458 1288 643 1375 Reynoldus
672 1311 692 1352 a
719 1289 801 1354 duce
823 1289 966 1356 Iohanne
996 1291 1144 1376 captivus
1167 1291 1222 1356 ab·

96 1373 239 1457 ducitur,
272 1374 534 1461 archiepiscopus
556 1395 634 1438 vero
658 1371 837 1458 Sigefridus
859 1397 879 1438 a
901 1374 1017 1438 comite
1040 1373 1158 1440 Adolfo
1180 1375 1222 1440 de

96 1457 211 1524 Monte
237 1458 280 1523 ad
303 1458 435 1524 vincula
465 1458 621 1523 conicitur
629 1469 651 1540 ⁶,
682 1468 714 1522 et
741 1456 878 1523 ecclesia
900 1456 1101 1523 Coloniensis
1128 1457 1223 1526 vehe-

98 1553 228 1610 menter
241 1542 437 1609 humiliatur.
459 1543 543 1606 Nam
559 1564 668 1607 comes
678 1540 866 1607 Iuliacensis
879 1541 1065 1616 Walramus
1081 1554 1222 1608 castrum

92 1626 308 1712 'Tulpetum⁶,
338 1628 425 1713 quod
452 1625 703 1713 inexpugnabile
730 1626 910 1707 videbatur,
940 1627 1007 1692 solo
1034 1638 1147 1694 tenuse
1170 1627 1223 1692 de-

100 1711 230 1792 struxit,
252 1719 286 1776 et
298 1710 503 1776 Everhardus
523 1732 629 1775 comes
650 1710 690 1774 de
706 1709 823 1774 Marka
838 1709 938 1774 multa
960 1711 1057 1798 opida
1072 1720 1103 1776 et
1117 1721 1223 1776 castra

100 1795 136 1858 in
152 1793 273 1859 ducatu
283 1794 451 1860 Westlalie
470 1794 660 1858 devastavit.
703 1794 863 1858 Dominus
879 1805 987 1860 autem
1000 1817 1087 1881 papa
1102 1795 1223 1859 ordinis

100 1878 277 1962 Minorum,
299 1888 473 1965 comperto,
497 1877 584 1965 quod
608 1876 814 1943 Oolonienses
837 1878 976 1943 fautores
999 1889 1031 1944 et
1060 1879 1222 1944 adiutores

100 1965 136 2028 in
164 1963 382 2028 deieceionem
403 1961 639 2047 archiepiscopi
660 1961 796 2042 fuerant,
824 1960 991 2027 Coloniam
1018 1985 1078 2049 per
1102 1963 1225 2049 aliquot

102 2069 205 2113 annos
234 2047 343 2133 posuit
374 2044 439 2128 sub
467 2045 655 2128 interdict03
693 2055 727 2110 at
757 2045 803 2110 illi
835 2045 976 2111 indurati
1008 2048 1223 2112 mercenarios

102 2131 296 2282 οοίιῖιιουηῐ,
327 2133 382 2218 qui
404 2131 451 2196 eis
473 2140 583 2195 contre
610 2129 840 2195 inhibicionem
862 2130 983 2194 domini
1003 2153 1088 2217 pape
1111 2130 1222 2195 divina

104 2238 171 2282 cee
195 2224 313 2280 rarent.

186 2303 362 2387 Postquam
398 2307 505 2363 autem
541 2320 601 2362 rex
635 2296 792 2362 Rudolfus
835 2299 927 2363 annis
970 2298 1071 2364 ferme
1107 2298 1223 2384 viginti

102 2396 253 2534 strenlnue
285 2406 421 2470 regnum
453 2382 718 2466 administrasset,
751 2382 831 2447 obiit
864 2392 896 2448 et
923 2380 1017 2468 Spire
1046 2382 1301 2448 honorificetur.

103 2494 138 2536 se
164 2470 266 2536 eitur.

140 2495 161 2558 p
187 2552 282 2618 Anno
300 2553 435 2617 Domini
460 2551 550 2634 1294,
573 2550 671 2616 Urbis
692 2572 769 2616 vero
792 2550 1036 2632 concurserat,
1060 2552 1222 2636 principes
1234 2570 1302 2613 ress.

106 2637 279 2703 Germanis
313 2637 347 2700 in
381 2634 541 2701 eleccione
567 2635 652 2720 regis
687 2635 932 2716 concordantes,
959 2633 1114 2700 Adolfum
1147 2635 1223 2699 insi-

104 2743 200 2807 gnem
231 2721 380 2785 comitem
410 2719 451 2784 de
471 2719 645 2784 Nassauwe
668 2719 850 2806 elegerunt,
884 2721 939 2806 qui
967 2729 999 2785 et
1020 2741 1041 2782 a
1062 2717 1224 2805 Sigefrido

105 2803 350 2890 archiepiscopo
379 2802 562 2868 Coloniensi
585 2805 782 2890 Aquisgrani
811 2814 1016 2869 consecratus
1044 2804 1077 2867 in
1104 2825 1225 2889 regem,

6 2921 7 2926 ¹
106 2890 253 2975 regnavit
287 2888 495 2973 nonagesimo
533 2887 637 2972 primo
669 2885 739 2952 loco
772 2886 813 2951 ab
845 2887 1005 2974 Augusto.
1055 2887 1118 2952 Hic
1151 2898 1226 2974 post

107 2973 388 3039 confirmacionem
410 2992 502 3035 suam
524 2969 658 3034 audiens
679 2970 804 3058 aliquas
828 2973 973 3037 civitates
996 2971 1126 3037 Alsacie
1148 2995 1168 3036 a
1190 2993 1224 3036 se

107 3057 280 3124 discedisse
290 3055 310 3139 s,
337 3055 584 3141 expedicionem
605 3053 681 3118 illuc
702 3055 832 3119 induxit
853 3066 885 3120 et
905 3055 1101 3141 sigefridum
1124 3055 1225 3120 archi·
1237 3069 1302 3112 ¹2⁹⁸·

107 3143 294 3228 siscopum
325 3139 550 3204 Coloniensem
580 3139 614 3201 in
641 3137 778 3204 eundem
810 3141 1012 3225 procinctum
1044 3140 1224 3204 invitavit1.

108 3165 206 3295 dirius
239 3223 372 3291 consilio
401 3234 433 3290 et
461 3222 582 3288 auxilio
619 3223 763 3287 civitates
789 3222 932 3308 perditas
960 3225 1162 3308 recuperavit
1194 3230 1226 3288 et

107 3314 229 3399 aliquos
251 3309 373 3376 ibidem
394 3308 456 3373 sibi
478 3305 613 3372 rebelles
634 3307 778 3393 captivos
800 3305 875 3372 inde
897 3305 1043 3371 abduxit.

188 3395 295 3459 Huius
310 3395 413 3458 eciam
429 3402 573 3477 tempore
587 3391 786 3456 recrudescit
800 3389 920 3456 bellum
941 3392 1025 3455 inter
1038 3388 1124 3454 Phili
1147 3411 1225 3474 pum

106 3502 214 3566 regem
229 3479 367 3544 Francis
387 3487 419 3543 et
433 3476 629 3541 Edwardum
648 3497 756 3560 regem
771 3473 904 3558 Anglie3
928 3475 1012 3539 unde
1035 3496 1094 3538 rex
1140 3471 1226 3558 nglie

108 3564 230 3650 aliquos
252 3563 355 3648 princi
380 3583 414 3626 es
438 3560 479 3626 ad
500 3559 711 3626 resistendum
733 3582 767 3624 re
790 3560 802 3622 i
823 3558 961 3624 Francis
983 3579 1077 3644 prece
1100 3566 1131 3622 et
1153 3579 1224 3656 pre-

109 3650 157 3712 cio
183 3646 246 3711 sibi
272 3585 421 3711 conciliat
448 3645 662 3730 comitemque
685 3581 835 3708 Flandrie
844 3654 866 3726 ²,
890 3653 926 3708 ut
946 3641 1033 3707 idem
1056 3663 1130 3705 cum
1151 3663 1223 3728 rpso

108 3733 235 3813 senciat,
263 3731 387 3795 invitat.
432 3728 497 3795 Sed
520 3727 713 3815 quibusdam
735 3749 755 3790 a
776 3727 839 3794 tide
861 3727 1093 3807 deficientibus,
1116 3748 1224 3792 comes

108 3814 256 3881 Flandrie
278 3837 387 3914 arege
402 3814 540 3878 Francis
562 3815 709 3900 captivus
732 3812 913 3893 abducitur,
936 3820 968 3877 et
989 3821 1055 3876 tota
1069 3809 1223 3876 Flandria

109 3899 249 3966 eiusdem
277 3898 418 3963 dominio
446 3898 657 3982 mancipatur.
707 3895 802 3961 Unde
829 3904 860 3961 et
886 3905 1109 3982 procuratores
1137 3896 1223 3980 regis

109 3986 242 4050 Francie
263 4006 322 4070 per
335 3992 437 4048 totam
452 3980 637 4046 Flandriam
651 3979 748 4068 paulo
771 3979 965 4046 insolencius
980 3999 1086 4067 agere,
1109 3979 1222 4044 domos

110 4134 225 4246 pphefl)
241 4145 260 4175 e.
299 4131 322 4185 b)
340 4132 479 4174 Gslrhendis
494 4142 511 4171 c.
558 4131 579 4185 c)
596 4133 725 4173 convicitur
742 4143 759 4172 c.
799 4129 822 4182 d)
839 4130 963 4182 carporum
978 4141 995 4171 e.
1034 4128 1055 4181 e)
1073 4130 1191 4170 toletanus
1206 4139 1225 4168 a

143 4197 174 4235 ita
189 4206 208 4234 c.

114 4289 140 4357 1)
158 4288 278 4356 Sisridus
302 4288 374 4341 testie
400 4286 515 4340 occurrit
539 4287 568 4339 iu
592 4288 685 4339 charta
704 4286 792 4352 Adolfi
816 4287 885 4355 repis
911 4285 979 4337 data
1005 4289 1066 4334 aute
1087 4279 1229 4333 Columba·

113 4364 186 4427 rium,
210 4361 265 4416 Oct.
286 4363 331 4414 24.
370 4362 492 4426 Bbbmea
514 4362 578 4429 Beq.
598 4362 661 4428 imp.
681 4378 723 4414 ur.
745 4361 806 4414 165.
882 4358 911 4428 2)
933 4355 1090 4410 (luidonem.
