3098 4982
251 398 429 450 CHRONIOI
447 397 610 449 RHYTHM.
631 396 875 450 COLONIENSIS
895 395 1127 449 FRAGMENTA.
1194 369 1266 447 315'

274 571 408 638 nantes
431 587 465 629 se
488 564 608 642 sceleri,
633 565 769 652 eupiunt
791 565 894 664 magis
916 565 991 630 inde
1013 567 1129 651 timeri,

218 666 254 714 50
277 649 344 715 Sed
365 648 437 749 plus
460 651 572 735 augeri
594 659 684 737 patet
705 649 780 713 hinc
802 649 978 736 odrumque
999 652 1125 718 mereri.

275 733 429 798 Vindicat
448 733 483 798 id
506 733 594 798 clara
615 735 780 819 cognacio,
802 734 855 798 cui
877 734 914 798 fit
935 755 1044 798 amara

275 818 364 883 Mors
387 818 469 882 sibi¹¹
491 840 556 883 non
578 840 662 900 cara,
684 819 773 882 necis
795 839 835 882 ac
856 816 962 883 illacio
984 840 1067 882 rara.

274 901 429 974 Tandem
444 902 484 967 de
499 901 630 988 publico
646 911 778 988 sumptu
792 901 895 966 scelus
909 902 972 966 hoc
986 902 1191 989 redimentes,

275 987 355 1052 Tem
381 1010 435 1052 ore
482 996 532 1051 ost
554 986 681 1051 modico
702 987 829 1051 facinus
850 987 943 1072 peius
965 987 1129 1071 facientes,

217 1086 253 1136 55
276 1072 331 1136 Sic
387 1009 553 1136 ircellnum
577 1070 779 1137 (iteranduml
802 1070 899 1136 rebus
921 1080 1072 1153 ementes,

274 1156 472 1242 Dampnant,
493 1155 644 1221 festinum
665 1178 723 1241 per
745 1176 825 1240 opus
848 1177 926 1219 mox
947 1156 1174 1222 interimentes.

273 1245 351 1311 Nec
373 1239 501 1305 valuere
522 1261 635 1326 preces
657 1247 765 1340 empto
787 1238 910 1304 deferre
932 1242 1049 1321 cruori,

273 1324 327 1389 Nil
350 1324 492 1390 eiciendo
514 1346 612 1388 neces
634 1333 739 1410 poturt
762 1326 839 1388 satis
862 1345 930 1388 esse
952 1323 1062 1388 furori.

276 1409 305 1475 Ο
328 1418 394 1474 tam
417 1406 607 1494 suppliciter
627 1408 819 1493 rogitantem
840 1407 980 1472 vidimus
1002 1407 1102 1492 illum,

218 1510 252 1558 60
274 1493 320 1560 Ut
343 1493 404 1558 sibi
425 1494 537 1558 mortis
558 1493 622 1558 iter
642 1490 762 1558 vellent
784 1491 911 1557 differre
932 1490 1094 1578 pusillum,

218 1595 220 1601 '
276 1584 360 1653 (luo
384 1601 443 1642 sua
464 1586 600 1663 peccata
621 1586 732 1662 posset
750 1597 891 1661 purgare
911 1574 1029 1641 luendo

273 1661 377 1727 Trans
398 1683 497 1742 mare,
520 1670 633 1725 curata
652 1662 782 1725 racione
803 1661 891 1725 viam
912 1659 1071 1728 faciendo.

274 1747 443 1811 Presentes
464 1745 599 1810 aderant
618 1744 665 1808 ibi
687 1745 801 1809 fratres
822 1742 1106 1826 Theutonicorum,

276 1829 341 1911 Qui
387 1829 505 1914 rompti
526 1829 651 1892 fuerant
671 1828 758 1892 hunc
780 1827 902 1892 ordinis
924 1851 994 1893 esse
1017 1849 1158 1893 suorum.

218 1927 252 1977 65
275 1853 384 1990 (huod
404 1912 480 1976 licet
500 1913 617 1978 iratum
638 1932 704 1975 non
725 1909 854 1996 vulgus,
876 1911 945 1976 iure
968 1933 1098 1978 movere

274 1997 374 2062 Urbis
396 1994 554 2083 prelatum
577 1994 717 2061 debebat
737 2017 885 2080 parcere3
907 1994 984 2060 flere

274 2080 424 2146 Vidimus
439 2081 524 2146 hunc
541 2080 582 2145 ob
597 2078 694 2162 idem,
709 2079 766 2144 sed
780 2078 900 2143 facturn
917 2076 1144 2162 dissimulavit;

274 2166 347 2231 Non
368 2166 498 2231 turbare
521 2163 651 2251 quidem
673 2163 801 2249 plebem
822 2162 902 2246 vult,
924 2186 986 2250 que
1009 2162 1181 2228 sibilavit.

273 2253 386 2322 Aures
402 2249 553 2315 obturant
567 2248 737 2335 precibus3
758 2247 819 2312 fert
833 2270 916 2312 unus
931 2249 1075 2313 eorum*:
1253 2267 1275 2326 r)
1285 2272 1413 2314 rhoeam·

217 2350 252 2399 70
275 2335 352 2401 ‘Our
363 2344 488 2400 tantum
500 2333 616 2399 durant
627 2332 711 2397 hec‘?
727 2333 755 2397 si
770 2332 816 2396 sic
832 2333 947 2396 unicus
963 2332 1076 2396 horum
1256 2327 1390 2374 ⁰¹²·B⁰¹¹¹²·

274 2421 356 2484 Tam
379 2420 419 2484 de
441 2417 563 2484 difficili
585 2439 644 2518 per
663 2438 723 2481 nos
746 2415 842 2481 modo
863 2416 1083 2497 mortificatur,
1179 2469 1181 2478 ,

275 2505 414 2569 Tardius
437 2527 479 2568 ex
500 2502 597 2567 simili
618 2500 750 2587 reliquis
771 2500 832 2567 hec
852 2523 938 2587 pena
959 2497 1109 2586 paratur’.

273 2588 336 2659 Nil
358 2591 448 2652 iuvat
470 2585 626 2670 oblatum3
649 2607 715 2651 vox
737 2584 882 2670 prevalet
902 2586 1121 2672 impietatum3

274 2672 455 2757 Tamquam
476 2672 685 2758 dampnatum
709 2670 831 2735 ducunt
851 2671 937 2734 hunc
959 2669 1187 2754 decapitatum,

219 2770 253 2820 75
278 2754 413 2821 Sanctus
436 2767 589 2837 orantem,
612 2776 671 2841 pro
693 2776 779 2819 nunc
802 2755 943 2840 rogitare
964 2762 1162 2840 precantem,

277 2838 421 2904 Crimina
442 2838 630 2924 plorantem,
654 2839 810 2903 scelerum
832 2841 962 2903 veniam
985 2839 1190 2938 rogitantem.

276 2924 340 2996 §ic
363 2923 442 2987 alias
464 2923 614 2987 meritum
635 2944 694 3008 pro
718 2920 820 3007 culpis
842 2934 937 2987 antea
958 2922 1052 2987 factis

276 3008 335 3072 Vir
357 3007 444 3094 capit
465 3007 645 3089 interitum3
668 3006 804 3070 formam
827 3005 916 3071 dedit
937 3007 1044 3070 exitus
1065 3006 1155 3089 actis,

276 3091 341 3157 Sed
364 3113 420 3156 cor
442 3092 615 3156 contritum
637 3088 750 3171 salvat,
773 3112 863 3174 spem
886 3089 992 3154 dando
1015 3087 1136 3154 salutis.

219 3193 254 3241 80
276 3177 348 3243 Hec
371 3186 477 3242 ortum
499 3173 639 3240 subitum
662 3173 740 3238 dant
785 3173 871 3237 ravis
894 3172 969 3238 inde
991 3174 1119 3237 secutis.

275 3265 418 3335 Smnmo
441 3261 528 3325 dicta
549 3259 614 3322 scio
636 3267 713 3322 tunc
735 3196 812 3323 talia
832 3256 932 3322 verba
976 3257 1114 3321 riorum:

275 3345 353 3411 ‘Cur
375 3368 417 3411 ex
439 3344 544 3410 officio
567 3342 663 3407 modo
685 3364 751 3406 non
772 3340 926 3406 obsistitis
948 3279 1062 3404 dorum

275 3430 419 3513 Nisibus,
442 3427 612 3495 ecclesiam
635 3427 690 3513 qui
712 3436 758 3491 tot
779 3426 936 3552 privando
949 3424 1113 3524 ,ministris

278 3557 850 3586 ...................
897 3518 1043 3573 sinistris.

130 3675 154 3727 a)
171 3687 181 3714 c
196 3686 255 3717 corr,
270 3687 290 3716 c.
348 3678 372 3728 b)
389 3678 440 3718 hacc
455 3677 539 3717 abscisa
553 3680 614 3715 sunt.

131 3805 159 3872 1)
187 3805 252 3857 Oura
284 3807 345 3860 aliis
377 3827 403 3860 a.
436 3808 505 3860 1259
536 3808 630 3871 (1260,
659 3804 751 3859 Ennea
782 3803 823 3868 II,
850 3822 882 3870 p.
909 3804 961 3854 148
990 3806 1030 3867 n.)
1062 3799 1249 3870 proscribitur,

129 3879 282 3933 Lacomblet
300 3881 341 3946 II,
357 3899 387 3948 p.
408 3883 471 3932 476.
491 3882 561 3945 4963
588 3882 635 3933 aad
654 3880 687 3933 de
706 3879 763 3932 cius
782 3894 844 3931 neca
869 3877 936 3930 olibi
959 3877 1030 3929 nibil
1053 3875 1183 3929 traditam
1203 3884 1250 3927 eat.

131 3955 160 4018 2)
179 3952 256 4006 Idem
275 3964 312 4007 est
335 3972 410 4022 quem
424 3963 487 4022 port
511 3955 587 4006 illam
610 3952 765 4007 seditionem
789 3950 963 4020 scabinoapac
988 3950 1077 4004 eiectos
1103 3966 1162 4003 cam
1188 3949 1250 4001 aliia

128 4027 267 4081 scabinum
271 4027 346 4095 facit
356 4027 495 4082 Oonrodar
509 4029 723 4094 archiepiscopus
733 4027 761 4080 d.
773 4027 815 4079 1⁷.
827 4028 894 4092 Apr.
907 4026 991 4091 12593
1012 4043 1037 4077 o.
1048 4021 1201 4078 Lacomblet
1209 4021 1250 4086 II,

127 4120 158 4168 p.
179 4101 243 4156 466.
281 4102 318 4155 D.

587 4277 787 4286 ...-—..-.-
