2988 5058
173 348 324 402 OLIVERI
342 350 500 402 RELATIO
519 350 571 402 DE
590 350 839 402 EXPEDITIONE
859 349 1072 400 DAMIATINA.
1147 349 1200 399 329

81 536 121 582 ac
143 517 288 582 sensibus
310 518 474 584 emendari
495 516 658 584 debuisset
679 518 836 582 humanis.
870 517 935 598 Qui
951 518 1202 604 contemplantes
1212 541 1277 583 rus.

82 622 164 687 opus
186 604 272 668 intus
294 612 327 666 et
346 603 433 681 foris,
456 605 603 690 superius
626 614 657 668 et
678 602 821 684 inferius,
843 602 1037 683 asserebant,
1060 625 1094 667 se
1122 625 1202 668 nun·

80 707 181 840 guam
203 685 266 752 tale
286 686 449 770 ingenium
465 710 561 774 super
575 707 676 786 aquas
691 687 731 751 de
751 685 847 772 lignis
867 686 1050 752 edificatum
1071 686 1200 754 vidisse.

98 779 209 834 nterea
242 769 410 836 Sarraceui
443 793 515 835 suas
548 771 711 836 maclnnas
744 781 855 836 contra
887 770 982 836 talem
1020 771 1201 837 machinam

81 864 263 935 erexerunt,
285 865 382 940 ponte
401 853 541 919 fluminis
556 853 724 940 tripliciter
745 864 778 919 et
797 865 833 920 ut
854 853 1013 940 putabant
1033 855 1202 921 indissolu-

80 936 165 1003 biter
183 947 354 1003 contexto.
404 939 470 1004 Sed
499 938 686 1004 benedictus
714 938 909 1020 Altissimus,
938 941 993 1026 qui
1026 942 1204 1026 potentiam

83 1044 174 1087 suam
196 1024 231 1086 in
253 1023 344 1087 arida
366 1023 564 1088 demonstrat
578 1034 610 1089 et
624 1045 717 1108 pera
741 1024 831 1090 uam!
847 1023 965 1088 ictibus
982 1023 1203 1088 machinarum

79 1117 262 1171 nostrarum
285 1117 479 1172 commotum
487 1118 510 1190 ³,
533 1131 592 1194 per
617 1046 808 1194 mergdlum,
838 1109 893 1195 qui
915 1117 1071 1173 nocturno
1092 1107 1202 1174 labore

80 1191 141 1256 sub
169 1193 262 1277 aquis
288 1191 381 1256 funes
407 1190 615 1257 fimdamenta
664 1194 745 1258 ontis
774 1195 946 1258 retinentes
975 1194 1133 1276 sagaciter
1157 1195 1203 1257 in-

81 1275 170 1356 cidit,
200 1285 330 1363 pontem
359 1298 471 1341 versus
499 1277 614 1340 turrim
636 1215 790 1342 dissolvit.
844 1275 940 1341 Unde
986 1277 1203 1362 reperandum

79 1370 158 1439 erat,
185 1369 360 1447 antequam
388 1362 530 1446 reparari
560 1369 678 1446 posset.
730 1363 846 1447 Itaque
875 1299 1110 1446 supplicatione
1131 1383 1203 1446 pro-

80 1443 298 1513 cessionaliter
317 1445 413 1510 nudis
457 1444 552 1509 lantis
573 1468 675 1532 usque
697 1445 739 1509 ad
759 1444 884 1531 lignum
906 1446 1103 1511 dominicum
1133 1467 1203 1530 pre-

79 1529 189 1610 missa,
211 1551 286 1593 cunr
308 1529 409 1595 multa
430 1468 618 1594 difficultate
640 1539 672 1596 et
693 1527 835 1615 periculo
863 1529 985 1596 dictum
1013 1531 1203 1594 instrumen-

79 1621 149 1676 tum
171 1612 213 1674 ad
234 1611 317 1678 latus
340 1613 526 1701 aquilonare
541 1615 636 1680 turris
651 1612 798 1678 anchoris
814 1623 845 1678 et
858 1614 987 1678 funibus
1002 1613 1201 1699 applicitum,

82 1718 142 1760 sex
163 1696 384 1761 machinarum
405 1698 562 1763 terribiles
584 1699 667 1762 ictus
690 1699 841 1761 sustinuit
855 1700 1021 1762 continuos
1044 1708 1075 1763 et
1097 1697 1204 1762 iacula

105 1781 247 1844 randinis
269 1781 377 1846 instar.
420 1783 490 1846 Nec
511 1783 628 1845 minori
649 1779 793 1867 periculo
815 1784 905 1846 navis
928 1804 1001 1845 cum
1029 1779 1203 1865 castellul0,

81 1802 123 1929 de
154 1887 218 1950 qua
245 1867 440 1930 mentionem
468 1865 614 1947 fecimus,
636 1866 678 1930 ad
699 1863 814 1950 pedem
836 1867 932 1930 turris
955 1863 1108 1930 collocata
1130 1866 1203 1930 sub-

81 1949 171 2032 stitit,
194 1950 334 2014 virtutel
355 1950 625 2014 Theutonicorum
647 1959 680 2014 et
700 1951 871 2013 Frisonum
903 1951 966 2014 ab⁰
987 1950 1062 2034 igne
1086 1949 1201 2032 Greco,

83 2033 141 2119 qui
169 2036 294 2098 eminus
329 2045 360 2098 et
395 2035 539 2098 cominus
566 2035 702 2098 iniectus
731 2055 884 2120 pavorem
918 2035 1060 2099 incutere
1088 2036 1203 2119 potuit,

82 2140 142 2203 per
169 2117 326 2204 liquorem
355 2126 519 2184 acetosum
545 2129 578 2182 et
605 2115 754 2182 sabulum
776 2117 945 2199 extinctus,
972 2120 1119 2183 timorem
1149 2141 1203 2183 ex-

83 2203 183 2266 cussit
207 2201 250 2265 ad
277 2212 416 2289 tempus.
457 2202 561 2266 Iacuit
581 2201 764 2288 patriarcha
785 2212 963 2287 prostratus
986 2213 1059 2267 ante
1080 2201 1203 2286 lignum

84 2288 187 2350 crucis
208 2287 242 2349 in
288 2285 405 2368 ulvere,
428 2296 515 2350 stans
538 2285 641 2351 clerus
663 2287 697 2350 in
718 2285 799 2352 albis
814 2285 909 2350 nudis
924 2284 1061 2372 pedibus
1076 2288 1203 2372 magnis

82 2371 218 2436 vocibus
246 2309 386 2435 clbmans
415 2374 448 2435 in
479 2369 592 2435 celum.
649 2369 733 2435 Cum
767 2380 875 2434 autem
904 2373 1089 2436 extremitas
1119 2368 1203 2436 scale

82 2456 147 2518 iam
169 2457 283 2520 turrim
304 2457 483 2542 attingeret,
506 2475 526 2517 a
548 2455 768 2520 defensoribus
790 2457 890 2602 iplsius
912 2457 996 2540 ignis
1019 2456 1204 2541 suppositus

83 2538 118 2601 in
138 2537 284 2604 flammas
305 2539 430 2605 lucidas
452 2542 567 2625 erupit.
621 2539 768 2625 Cumque
791 2561 808 2602 c
831 2539 954 2604 ristiani
977 2549 1204 2604 concurrerent

84 2621 127 2684 ad
147 2625 231 2708 ignis
247 2625 498 2705 suffocationem,
515 2646 572 2688 suo
587 2625 728 2711 pondere
745 2623 849 2709 capud
865 2623 950 2688 scale
969 2624 1203 2710 depresserunt,

85 2706 165 2772 adeo
188 2719 224 2771 ut
244 2730 325 2793 pons
346 2707 511 2790 tornatilis,
528 2709 584 2795 qui
606 2710 721 2773 maiori
742 2730 888 2772 annexus
909 2710 1022 2790 suerat,
1037 2707 1204 2773 inclinare·

83 2799 145 2873 tur,
163 2803 194 2856 et
208 2793 258 2857 vir
278 2792 368 2856 fortis
391 2813 429 2854 ac
450 2792 563 2874 bonuS,
580 2795 635 2878 qui
651 2796 779 2877 signum
796 2792 888 2856 ducis
900 2793 1031 2858 Austrie
1046 2792 1203 2878 gestabat,

84 2888 255 2957 corrueret,
270 2875 409 2958 glorioso
425 2878 568 2940 martirio
585 2888 765 2942 coronatus.
800 2879 969 2941 Sarraceni
984 2899 1059 2942 vero
1075 2878 1204 2962 signum

83 2959 227 3025 cadentis
249 2959 398 3024 tulerunt.
449 2958 611 3024 Babilonii
640 2983 674 3024 se
703 2961 819 3024 vicisse
846 2971 1005 3045 putantes,
1032 2983 1129 3026 voces
1157 2962 1203 3024 in·

82 3042 268 3109 sultantium
300 3042 516 3129 geminabant.
577 3042 737 3108 Inclinata
769 3043 855 3110 scala
887 3047 1028 3109 minante
1066 3047 1203 3128 ruinam,

26 3205 30 3210 ·
82 3127 221 3193 flammis
236 3131 339 3192 eciam
354 3127 540 3193 terribiliter
560 3128 778 3193 crescentibus
800 3139 832 3192 et
851 3129 967 3192 nostris
987 3130 1051 3191 iam
1071 3129 1202 3192 dorsum

81 3212 228 3279 hostibus
268 3212 518 3294 ostendentibus,
558 3214 719 3278 exercitus
752 3211 996 3276 christianorum
1029 3211 1203 3297 complosis

81 3297 230 3362 manibus
252 3295 329 3362 fletu
350 3299 458 3383 rigans
480 3297 578 3362 facies
601 3308 633 3361 et
652 3296 789 3361 tundens
811 3307 942 3382 pectora
964 3308 995 3362 et
1016 3296 1058 3359 ad
1085 3307 1202 3360 terram

80 3392 269 3466 prostratus,
291 3383 414 3468 Regem
436 3381 536 3468 glorie
563 3390 595 3446 et
620 3380 791 3467 gloriosam
814 3381 970 3466 virginem
1012 3380 1148 3443 Mariam
1171 3391 1203 3444 et

81 3464 263 3565 specialiter
300 3475 444 3531 sanctum
471 3465 733 3531 Bartholomeum
765 3464 1013 3549 interpellando,
1045 3463 1202 3529 auxilium

82 3549 226 3617 divinum
247 3551 450 3637 precabatur.
502 3550 653 3615 Elevavit
678 3551 786 3636 itaque
809 3548 927 3613 scalam
958 3549 1067 3612 divina
1088 3550 1201 3632 pietas,

82 3641 114 3698 et
135 3634 177 3698 ad
200 3634 410 3700 elevationem
424 3657 578 3699 manuum
600 3639 634 3698 in
656 3633 760 3699 celum
775 3635 982 3698 extinxerunt
1001 3634 1109 3718 ignem
1124 3633 1202 3697 fide-

80 3717 159 3783 lium
192 3717 332 3784 lacrime.
388 3720 507 3806 Sicque
538 3721 640 3784 nostri
665 3719 838 3804 resumptis
870 3718 992 3783 viribus
1020 3727 1139 3782 stantes
1168 3717 1202 3783 in

82 3801 177 3884 scala,
200 3802 382 3867 defensores
404 3805 523 3869 turrisl
545 3803 671 3889 gladiis,
692 3802 821 3885 lanceis,
844 3804 970 3887 sagittis
992 3812 1024 3866 et
1043 3800 1114 3865 aliis
1135 3799 1201 3866 bel·

82 3886 151 3950 licis
188 3887 407 3952 instrumentis
438 3886 573 3953 viriliter
607 3890 876 3975 inpugnaverunt.
934 3885 1028 3950 Miles
1068 3886 1200 3971 quidam

80 3971 206 4035 iuvenis
228 3972 433 4037 Leodicensis
455 3971 604 4058 dyocesis
625 3974 748 4059 primus
770 3981 889 4036 turrem
911 3970 1064 4036 ascendit.
1107 3970 1200 4034 Friso

82 4054 212 4144 quidam
226 4055 416 4124 iuvenculus
431 4056 557 4143 flagello
573 4079 717 4123 connexo
733 4064 846 4120 catena
860 4055 963 4120 ferrea
978 4054 1019 4119 ad
1034 4055 1201 4120 dexteram

80 4219 104 4272 a)
120 4227 257 4262 commotam
272 4236 291 4263 c.
335 4221 360 4274 b)
377 4223 485 4264 substitit.
517 4223 606 4263 Virtute
621 4233 638 4262 c.
684 4219 705 4272 c)
721 4222 753 4261 tta
769 4232 800 4272 c.,·
815 4220 851 4259 sed
866 4220 925 4260 leeris
939 4225 963 4260 ut
978 4220 1062 4260 ridetur
1077 4221 1200 4267 corrupere.

81 4279 104 4334 d)
120 4282 141 4324 d.
157 4285 173 4322 t.
190 4281 222 4321 its
236 4285 347 4334 seriptum,
362 4283 399 4322 scd
413 4282 474 4322 semel
488 4282 583 4323 aderam.
600 4293 617 4326 c.
