3122 4978
264 382 451 436 OHRONICA
470 384 584 436 anum
605 384 855 438 COLONIENSIS.
876 385 979 437 CONT.
998 387 1031 439 A.
1044 385 1123 437 1198.
1218 386 1269 438 16⁶

553 557 717 610 Reccasio
736 559 762 609 Ι.
783 567 807 611 ot
826 559 866 611 ΙῙ.

150 637 246 712 passa
267 633 324 705 est,
347 624 416 708 ipse
438 623 507 688 dux
528 635 560 689 et
581 635 693 690 auctor
713 626 801 690 fuiti
845 627 929 690 Nam
950 628 1036 691 circa
1057 627 1184 691 initium
1207 628 1271 694 Oc·

150 709 251 774 tobris
273 706 379 794 Philip
405 729 441 772 us
463 731 531 790 rex,
554 707 686 774 collecto
702 711 923 795 copiosissimo
938 712 1089 794 exercitu,
1105 732 1179 775 cum
1193 735 1269 798 rege

150 794 302 858 Boemiae
317 802 348 857 et
362 730 431 857 allis
454 793 519 856 suis
541 791 717 858 auxiliariis
739 796 825 881 ripas
839 793 991 860 Mosellae
1007 794 1142 876 obsedit,
1157 794 1268 860 volens

150 879 284 943 transire
305 878 340 939 in
383 886 467 941 artes
488 876 651 942 inferiores
673 888 705 942 et
725 887 852 942 vastare
868 882 1088 966 episcopatum
1101 878 1269 945 Colonien-

151 983 229 1026 sem.
268 960 338 1025 ‘Sed
360 899 437 1027 boo
460 981 519 1025 rex
539 970 570 1025 et
597 963 768 1048 episcopus
791 961 999 1046 Coloniensis,
1027 965 1197 1029 contractis
1228 986 1270 1029 ex

150 1045 285 1112 adverso
330 1045 460 1127 artibus,
483 1045 518 1108 in
538 1043 601 1109 alia
622 1047 693 1132 ripa
714 1056 817 1110 castra
838 1046 947 1112 metati
962 1059 1044 1114 sunt.
1086 1047 1269 1134 Burgcnses

152 1151 279 1217 quoque
302 1066 455 1194 boloniae
478 1149 551 1192 cum
572 1138 728 1216 apparatu
751 1141 784 1195 et
804 1140 917 1196 ornatu
938 1130 1038 1196 multo
1059 1132 1192 1196 navium
1214 1131 1268 1197 illo

150 1213 361 1300 advenerant,
384 1211 552 1299 stabatque
573 1235 692 1300 anceps
720 1213 865 1300 prelium,
894 1238 954 1280 nec
983 1217 1201 1302 superioribus
1227 1215 1270 1280 ad

149 1297 324 1379 inferiores,
346 1319 406 1362 nec
428 1297 633 1364 inferioribus
654 1298 697 1363 ad
718 1301 897 1384 superiores
919 1301 1053 1364 transire
1067 1299 1268 1365 audentibus.

148 1380 295 1446 Tandem
322 1380 491 1468 Philippus
518 1404 576 1446 rex
607 1390 638 1446 et
672 1383 722 1447 sui
751 1395 905 1470 concepta
938 1383 1074 1448 audacia
1100 1384 1269 1450 transitum

148 1464 255 1531 facere
277 1466 384 1530 conati
406 1477 488 1548 sunt,
512 1465 628 1553 quibus
650 1465 838 1552 Lotharingi
867 1469 900 1531 in
923 1467 1013 1533 alveo
1034 1466 1197 1532 fluminis⁸
1213 1467 1267 1533 ob·

149 1551 308 1614 stitemut.
350 1549 402 1614 Ibi
423 1550 464 1614 ab
486 1558 622 1635 utraque
667 1559 734 1615 arte
755 1551 789 1614 in
811 1552 941 1639 ancipiti
956 1562 1144 1638 pugnaturn,
1168 1551 1269 1616 donec

149 1644 243 1699 nocte
288 1630 400 1698 reliam
422 1633 612 1698 dirimenteb
663 1634 821 1721 otharingi
836 1638 981 1724 sequenti
999 1660 1093 1701 mane
1108 1636 1149 1701 ad
1164 1647 1270 1702 castra

149 1739 209 1782 sua
229 1656 400 1800 redieruut,
422 1727 525 1782 tutum
549 1718 610 1782 sibi
631 1741 696 1782 non
710 1718 900 1786 arbitrantes
915 1742 988 1784 cum
1001 1721 1126 1785 infinita
1143 1718 1269 1785 illorum

67 1876 71 1889 Ι
150 1799 352 1866 multitudine
374 1802 408 1864 in
429 1823 487 1865 sua
508 1803 670 1887 paucitate
692 1803 855 1887 congredi.
898 1805 971 1885 Quo
993 1805 1073 1887 viso,
1094 1803 1140 1867 illi
1162 1806 1270 1870 statim

149 1884 269 1950 flumen
289 1887 491 1967 transierunt,
514 1896 546 1951 et
560 1886 762 1973 Lotharingis
777 1888 864 1972 apud
876 1889 1113 1953 Anternacum⁰
1128 1887 1267 1956 collectis

150 1978 184 2034 et
205 1991 278 2033 cum
299 1971 345 2034 eis
368 1968 520 2055 congredi
541 1969 732 2053 volentibuS,
753 1974 878 2056 copiam
900 1973 1010 2036 martis
1031 1993 1096 2036 non
1116 1973 1268 2054 fecerunt,

149 2052 208 2119 sed
231 2075 485 2140 quaquaversum
514 2055 621 2118 omnia
647 2064 817 2136 vastantes,
847 2055 995 2121 incendia
1023 2056 1267 2142 permiscebant.

150 2137 312 2201 Exustam
334 2148 382 2202 est
408 2138 521 2202 eodem
549 2148 613 2203 tem
640 2160 694 2203 ore
723 2139 948 2225 Regimagium
981 2147 1013 2203 et
1042 2135 1158 2204 Bdnna
1194 2162 1268 2205 cum

150 2221 258 2286 multis
280 2222 366 2286 circa
385 2223 562 2287 iacentibus
584 2224 616 2286 vi
643 2224 683 2306 's;
705 2246 765 2288 nec
788 2233 855 2288 erat
877 2224 933 2310 qui
953 2222 1132 2288 furentibus
1155 2234 1187 2290 et
1214 2245 1268 2289 va-

149 2305 307 2370 stantibus
323 2315 502 2370 occurreret
516 2314 572 2370 aut
585 2308 754 2389 resisteret,
772 2306 919 2372 omnibus
934 2308 976 2372 ad
990 2307 1061 2374 loca
1075 2308 1268 2374 munitioratl

148 2412 184 2456 se
207 2389 447 2472 conferentibus,
469 2391 514 2454 ita
536 2391 621 2478 quod
650 2390 695 2454 illi
721 2392 814 2458 iuxta
842 2391 1009 2457 Coloniam
1030 2415 1112 2478 pene
1133 2392 1173 2457 ad
1205 2392 1268 2457 duo

149 2472 287 2539 miliaria
314 2483 524 2539 accesserant.
592 2475 694 2539 Multa
723 2475 860 2541 nefanda
887 2486 919 2542 et
946 2477 1062 2541 misera
1090 2477 1192 2541 relatu
1221 2478 1268 2540 in-

148 2559 320 2644 purissima
341 2556 395 2621 illa
415 2557 582 2623 barbaries
609 2561 757 2646 patravit,
787 2581 922 2648 quorum
951 2583 1048 2624 unum
1070 2581 1198 2646 ponam,
1226 2583 1268 2624 ex

60 2689 62 2695 ,
149 2664 215 2728 quo
233 2640 326 2729 plura
340 2643 443 2706 conici
458 2652 601 2729 possunt.
646 2644 928 2710 Sanctimonialem
943 2645 1103 2732 quandam
1120 2644 1266 2710 omnibus

148 2724 343 2790 indumentis
365 2725 533 2826 spoliatam
549 2725 639 2792 oleo⁰
651 2739 875 2814 perungentes,
891 2730 924 2791 in
945 2727 1062 2815 plumis
1076 2727 1267 2794 lectualibus

148 2808 347 2891 volutabant,
369 2831 478 2896 sicque
500 2820 699 2877 monstruose
720 2811 875 2876 hirsutam
897 2811 1018 2878 caballo
1047 2813 1268 2912 inposuerunt,

149 2917 243 2960 versa
264 2895 331 2958 eius
363 2894 446 2959 facie
473 2893 515 2958 ad
541 2895 677 2959 caudam
707 2895 831 2961 caballi.
885 2896 1033 2984 Cumque
1062 2895 1267 2961 ndiculosum

149 2979 222 3061 hoc,
243 2980 341 3043 immo
363 2977 554 3060 miserabile,
577 2979 795 3065 spectaculum
816 3003 874 3066 per
903 2979 1025 3068 aliquot
1046 2980 1114 3044 dies
1136 2981 1269 3045 circum-

149 3061 327 3144 duxissent,
356 3064 426 3150 regi
451 3060 601 3211 Philippo
631 3063 761 3129 tandem
785 3087 836 3128 res
863 3065 1009 3146 innotuit,
1032 3065 1087 3151 qui
1113 3063 1181 3128 zelo
1205 3065 1268 3130 Dei

149 3155 255 3211 tactus
276 3168 386 3212 omnes
407 3146 536 3211 sceleris
579 3148 651 3212 uius
674 3169 745 3213 reos
766 3169 869 3234 aquae
891 3146 1036 3214 bullienti
1057 3148 1139 3212 tradi
1164 3149 1266 3213 iussit

150 3229 256 3296 Oumf
277 3252 353 3316 ergo
380 3231 456 3295 satis
471 3231 505 3293 in
519 3233 707 3318 episcopatu
722 3230 905 3297 Coloniensi
919 3231 1123 3313 desevissent,
1138 3232 1267 3297 iubente

149 3313 233 3397 Deo,
255 3315 310 3400 qui
331 3314 421 3400 ponit
441 3315 613 3380 terminum
639 3314 779 3380 tenebris
807 3325 838 3380 et
865 3316 900 3378 in
926 3337 960 3380 se
989 3316 1065 3380 facit
1087 3307 1406 3409 confringisqsssfff·³⁸r

149 3397 268 3463 fluctus
282 3398 388 3479 maris,
403 3398 566 3547 inopinate
580 3398 730 3486 nulloque
744 3399 874 3486 fugante
889 3422 923 3464 se
945 3399 987 3464 ad
1009 3421 1068 3464 sua
1082 3398 1267 3482 retulerunt,
1307 3395 1313 3409 ’
1353 3397 1359 3410 ‘

150 3484 186 3546 in
205 3483 318 3547 itinere
339 3503 460 3548 exuren
475 3505 508 3548 es
529 3482 778 3548 Antemacum.*

235 3567 362 3631 Interea
383 3564 486 3631 Otto¹²
508 3568 604 3632 etiam
624 3591 683 3633 rex
702 3577 776 3653 post
797 3567 973 3632 discessum
993 3565 1123 3634 alterius
1151 3567 1186 3630 in
1212 3566 1259 3631 in·

149 3649 319 3716 ferioribus
333 3649 477 3735 partibus
494 3652 615 3715 omniai
632 3651 693 3716 sibi
707 3674 765 3738 pro
804 3674 874 3716 osse
892 3651 1077 3778 subiugans,
1090 3651 1268 3738 episcopos,

151 3736 284 3800 comites
312 3745 345 3799 et
365 3732 488 3799 nobiles
509 3734 735 3821 Lotharingiae
755 3675 816 3801 sili
837 3735 984 3801 conciliat
1024 3745 1055 3806 et
1069 3745 1268 3801 sacramenta

220 3843 249 3910 ¹⁸²)
269 3842 314 3894 02
334 3843 399 3895 aad.
430 3843 472 3912 (ta
495 3843 614 3912 marytre
641 3844 720 3897 1186.
745 3844 845 3911 sabab
883 3846 1009 3897 Eodem
1029 3860 1116 3896 anno
1140 3851 1269 3897 terram

264 3933 328 3983 que
349 3917 481 3969 dicitur
501 3917 625 3969 Gelren
645 3933 662 3968 a
681 3920 809 3969 comite
828 3917 984 3971 Arnoldo
1005 3918 1268 3986 deHomesbsrg

264 3995 297 4041 et
314 3991 442 4130 Adollp
463 3991 671 4042 Coloniensi
691 3993 854 4059 episcopo
875 3998 1018 4044 exurunt
1037 3991 1266 4060 (m.s.XV.corr.

264 4069 357 4115 exusta
376 4070 437 4116 est.

151 4170 280 4224 alfluvlum
296 4173 515 4230 A23flumin9813
531 4173 652 4214 fluminum
662 4173 702 4215 01.
747 4173 847 4225 b)nocte
862 4177 1015 4218 intercidente
1030 4177 1118 4217 bollum
1133 4187 1144 4216 ι
1159 4176 1267 4218 comos.

155 4229 176 4282 c)
193 4231 296 4275 Andes-n.
313 4233 340 4273 B.
358 4235 473 4284 occuper.
556 4230 579 4282 d)
594 4235 717 4273 maritima
732 4233 782 4274 Bl.
800 4234 845 4286 013
860 4247 887 4277 m.
904 4247 922 4278 a.
939 4236 986 4277 XV.
1003 4249 1060 4278 corr.
1083 4235 1209 4277 munitiora
1225 4235 1267 4275 02.

154 4289 383 4343 e)molleBl.0,
443 4292 539 4342 slDum
554 4294 598 4337 01.
659 4290 682 4341 g)
699 4295 826 4342 constringi
841 4296 890 4336 Ar.
951 4295 1099 4349 macuto&
1157 4294 1270 4348 llomnia

154 4360 174 4390 s.
190 4361 213 4400 p.
229 4361 297 4401 posse
311 4352 354 4392 dee.
372 4352 416 4394 02.
475 4351 500 4403 k)
516 4351 656 4392 conciliabat
669 4349 697 4392 B.
713 4352 733 4392 0.

157 4442 187 4512 1)
207 4443 246 4512 CJ-
267 4445 420 4499 Uestorium
438 4446 569 4500 Heictcrb.
595 4446 625 4512 V,
644 4448 688 4498 37.
