3098 4982
204 349 392 402 CHRONICA
411 349 525 402 uuum
545 348 796 402 COLONIENSIS.
817 350 1123 406 conmuniter.
1197 353 1250 404 269

129 518 194 584 sibi
215 518 359 582 assumit.
402 516 516 603 Itaque
539 515 659 586 ducens
682 519 860 585 exercitum
881 530 992 585 contra
1009 519 1251 605 Longobardos,

129 603 280 667 conmisit
311 601 381 686 regi
402 601 631 666 Boemiorum⁸
663 612 696 666 et
724 601 799 667 duci
822 603 967 668 Bawarie
995 611 1027 670 et
1056 604 1252 690 quibusdam

130 688 294 836 episcopis
316 695 433 750 terram
455 686 547 751 ducis
568 687 698 750 Austrie
720 687 972 772 expugnandam
993 698 1125 774 propter
1146 687 1252 753 multi·

167 793 234 835 rces
257 791 409 835 excessus
431 777 463 834 et
483 769 637 850 facinora,
670 770 787 856 quibus
813 771 901 837 idem
923 771 991 836 dux
1012 772 1098 836 fama
1119 771 1252 857 publica

129 793 307 922 liberabat.
351 854 417 934 Qui
437 851 602 918 Austriam
627 855 775 940 ingressi,
797 855 957 920 adiunctis
978 855 1041 920 sibi
1067 855 1251 921 nobilibusb

130 949 224 1021 terre,
251 961 332 1026 quos
353 939 424 1024 ipse
453 937 522 1002 dux
542 948 637 1003 antea
663 939 780 1004 iniuste
807 948 1011 1026 oppresserat
1040 948 1072 1004 et
1099 939 1139 1006 de
1168 948 1253 1005 terra

130 1047 191 1090 sua
222 1024 371 1104 eiecerat,
402 1031 504 1086 totam
526 1023 691 1088 Austriam
724 1023 972 1088 devastaverunt
1000 1035 1032 1089 et
1063 1025 1253 1110 imperatori

129 1107 227 1176 subiu
250 1116 386 1175 averunt
413 1117 522 1192 preter
548 1129 653 1192 pauca
680 1117 785 1172 castra
817 1109 1040 1189 munitissima,
1071 1109 1103 1172 in
1135 1109 1251 1194 quibus

130 1194 201 1279 ipse
217 1131 286 1255 dux
300 1192 457 1277 profugus
472 1213 507 1256 se
522 1191 654 1277 recepit.
738 1191 871 1256 Interim
886 1193 1059 1279 imperator
1066 1192 1251 1277 Augustam

128 1277 274 1356 veniens,
304 1297 436 1339 menum
458 1273 629 1339 militarem
650 1275 684 1338 in
706 1278 829 1362 campis
851 1276 943 1341 Lici⁰
972 1274 1102 1375 colligit,
1124 1286 1157 1342 et
1177 1277 1252 1341 inde

155 1361 296 1425 rofectus
324 1360 359 1422 in
385 1359 499 1444 vigilia
520 1357 642 1442 Iacobi,
670 1358 757 1424 mille
786 1360 902 1424 milites
930 1363 964 1424 in
985 1359 1112 1425 Itaham
1140 1383 1252 1425 secum
1262 1381 1304 1421 nu.
1316 1382 1353 1423 rr.

129 1383 232 1510 ducit.
291 1444 477 1508 Transactis
513 1443 559 1508 ita
582 1465 622 1508 ue
659 1442 808 1530 Alpibus,
844 1444 997 1508 miliciam
1034 1467 1126 1510 suam
1162 1443 1252 1530 apud

129 1529 295 1593 Veronam
317 1527 448 1613 colligit,
478 1550 541 1614 que
562 1551 574 1590 1
599 1526 683 1592 idem
710 1540 803 1594 extra
829 1550 938 1594 muros
966 1527 1038 1613 plus
1069 1550 1165 1615 quam
1193 1552 1253 1615 per

131 1635 275 1678 mensem
318 1611 551 1697 perendinavit.
609 1611 737 1676 Dehinc
774 1612 1059 1695 Cremonensibus,
1102 1615 1158 1698 qui
1201 1613 1253 1677 sui

131 1697 318 1761 sanctoresd
340 1706 439 1778 erant,
462 1696 661 1778 coniunctus,
683 1694 758 1761 licet
771 1696 1027 1762 Mediolanenses
1042 1705 1075 1762 et
1096 1700 1145 1761 sui
1167 1717 1252 1761 com·

131 1780 234 1881 plices
256 1779 393 1845 frustrae
414 1781 599 1844 resisterent
625 1790 657 1845 et
682 1781 727 1843 im
753 1780 842 1844 eriali
869 1782 990 1866 agmini
1016 1791 1108 1866 terga
1129 1780 1252 1864 darent,

131 1873 310 1952 rmperator
324 1885 398 1928 cum
413 1862 683 1930 Cremonensibus
734 1875 865 1930 antuam
881 1865 944 1928 sibi
958 1864 1109 1930 rebellem
1128 1865 1253 1929 invadit

134 1960 168 2015 et
200 1970 401 2036 quecumque
433 1960 525 2013 extra
557 1970 667 2013 muros
695 1958 786 2013 erant
817 1948 972 2014 devastat.
1022 1949 1116 2014 Duos
1149 1950 1252 2014 eciam

134 2056 267 2098 suorum
281 2034 402 2118 burgos
417 2055 513 2118 super
526 2031 662 2097 fluvium
677 2035 733 2118 qui
747 2033 864 2097 dicitur
879 2033 992 2117 Oyus¹
1015 2035 1091 2098 sitos
1106 2042 1253 2120 potenter

133 2119 235 2204 capit,
272 2139 408 2203 quorum
445 2140 527 2182 unus
563 2116 788 2198 Machariaf·²,
825 2116 905 2183 alter
935 2119 1028 2182 Mosa
1059 2119 1252 2182 nominatur.

132 2202 330 2302 Imperatore
351 2212 459 2267 autem
476 2201 564 2287 apud
579 2201 796 2267 Cremonam&
816 2214 976 2281 manente,
998 2201 1154 2285 Paduani,
1176 2201 1253 2266 Ter·

131 2287 247 2367 visrni,
269 2285 464 2368 Vincentini,
494 2307 620 2350 necnon
649 2286 814 2350 Mantuani
848 2289 882 2350 in
912 2287 1021 2352 odium
1048 2287 1093 2349 im
1118 2286 1251 2352 cratoris

131 2371 212 2436 fines
233 2370 393 2435 invadunt
403 2371 648 2454 Veronensium,
671 2370 853 2436 obsidentes
869 2383 1009 2436 castrum
1025 2308 1116 2457 quod
1134 2371 1252 2434 dicitur

131 2455 327 2540 Ripa-alta³.
375 2455 479 2541 Igitur
504 2455 667 2535 Ezelinus,
694 2457 746 2519 vir
771 2455 916 2520 militaris
945 2457 1027 2520 inter
1049 2454 1251 2520 Veronenses

131 2541 251 2618 maior,
284 2540 411 2603 nunciis
443 2540 549 2604 missis
581 2538 737 2604 auxilium
765 2540 917 2627 implorat
942 2541 988 2603 im
1012 2541 1161 2623 oratoris,
1195 2540 1252 2625 qui
1297 2571 1300 2577 ,

131 2621 308 2707 respondit,
331 2645 365 2687 se
384 2623 448 2707 ipsi
462 2622 671 2708 personaliter
686 2645 927 2690 succursurum.
963 2563 1252 2690 illustrarentur

132 2705 294 2770 celeritate
322 2727 342 2768 a
364 2703 525 2770 Cremona
556 2729 659 2794 usque
679 2708 843 2774 Veronam
874 2710 969 2773 unius
997 2708 1061 2773 diei
1089 2717 1121 2773 et
1147 2709 1251 2773 noctis

133 2789 246 2876 spacio
279 2810 370 2853 suam
399 2789 554 2854 miliciam
585 2791 730 2858 adduxit.
773 2794 870 2861 Mane
901 2793 986 2858 facto
1018 2801 1123 2858 castra
1151 2793 1252 2857 movit

132 2875 307 2959 imperator
342 2872 515 2938 adversum
555 2875 672 2940 hostes.
727 2877 969 2964 Apparentibus
1005 2888 1114 2943 autem
1150 2878 1250 2962 signis

132 2955 352 3056 imperialibus
374 2966 440 3021 tam
461 2959 625 3043 inopinato
647 2968 802 3045 tempore,
824 2962 959 3026 adtoniti
982 2973 1056 3026 sunt
1077 2960 1195 3042 hostes,
1219 2971 1251 3026 et

132 3041 252 3140 rehctis
268 3042 412 3107 tentoriis
427 3041 469 3106 ad
484 3043 616 3128 propria
631 3065 727 3106 cursu
741 3045 892 3130 precipiti
905 3052 1098 3110 remearunt.
1126 3045 1249 3109 Verum

132 3137 458 3275 1mperlltlilcredens
479 3220 597 3292 actum,
619 3232 693 3274 cum
716 3210 795 3310 quid
816 3221 951 3276 restaret
971 3209 1152 3296 agendum’,

132 3297 324 3381 preveniens
340 3316 470 3358 cursum
484 3294 633 3377 hostium,
649 3293 692 3359 ad
707 3297 869 3360 civitatem
877 3295 1081 3360 Vincentiam
1093 3294 1250 3392 pervenit,

133 3389 166 3443 et
186 3380 291 3464 primo
318 3380 482 3443 incautam
510 3388 542 3444 et
562 3389 716 3464 tanquam
743 3380 829 3443 cives
856 3381 1006 3466 proprios
1034 3377 1151 3443 milites
1172 3379 1251 3442 reci·

132 3463 285 3547 pientem,
299 3461 374 3528 licet
387 3473 500 3549 postea
514 3463 649 3529 frnsnae
661 3465 854 3546 resisterent,
867 3464 954 3549 cepit
963 3473 995 3529 et
1008 3465 1083 3549 igne
1097 3461 1251 3546 incendit,

133 3545 233 3632 vulgo
255 3547 297 3612 ad
319 3549 473 3612 maiorem
505 3547 653 3612 eclesiam
682 3548 894 3633 confugiente,
927 3559 963 3612 ut
991 3570 1025 3612 se
1046 3545 1167 3612 ibidem
1190 3546 1250 3611 sal-

133 3639 255 3702 varent,
298 3630 444 3697 Tandem
473 3631 629 3696 incendiis
659 3632 908 3718 quiescentibus,
940 3633 1115 3718 imperator
1164 3632 1251 3696 uiete

134 3714 296 3779 civitatem
312 3717 485 3801 occupavit
499 3717 579 3781 etin
593 3716 690 3781 domo
705 3740 723 3782 e
747 3715 883 3803 iscopali
895 3716 1108 3802 pernoctavit.
1140 3653 1251 3781 debus

134 3798 242 3884 itaque
264 3800 330 3862 suis
352 3799 473 3864 ibidem
494 3801 529 3863 in
539 3800 711 3885 Longobar
734 3803 765 3865 ia
779 3800 974 3886 dispositish,
996 3810 1029 3865 et
1049 3809 1140 3886 parte
1161 3821 1252 3864 exer·

134 3883 216 3946 citus
237 3883 287 3946 sui
308 3881 430 3966 relicta,
452 3886 627 3970 imperator
640 3884 837 3972 regrediens,
859 3885 901 3950 ad
915 3885 1080 3950 Austriam
1102 3883 1251 3964 declinat,

1260 3197 1289 3246 cs.
1298 3197 1383 3237 Iacca.

1277 3256 1308 3304 II,
1318 3257 1370 3296 657.

133 4081 314 4134 a)Boemiorurn
324 4105 350 4114 -
360 4085 475 4134 episcopis
490 4085 515 4124 ta
529 4084 576 4124 loco
590 4097 643 4127 raso
658 4088 708 4131 Bl.
768 4087 791 4139 b)
806 4087 849 4127 bus
864 4097 875 4126 c
889 4097 946 4128 corr.
963 4086 1009 4126 Bl.
1071 4083 1092 4136 c)
1109 4085 1186 4125 Llcl::
1203 4085 1250 4126 Bl.

134 4139 158 4192 d)
174 4143 205 4182 ita
222 4143 274 4192 ΒΗ
290 4145 390 4185 factores
406 4145 448 4184 01.
486 4141 508 4194 e)
525 4144 599 4185 turm
609 4147 657 4188 Bl.
707 4145 1076 4196 OMachata023Machara01.
1126 4142 1150 4195 g)
1160 4144 1252 4185 Oremo·

134 4202 197 4241 niam
214 4201 257 4244 01.
269 4205 290 4245 2.
351 4201 375 4254 h)
392 4204 416 4243 in
431 4205 477 4242 loco
493 4214 546 4243 raro
561 4203 612 4246 Bl.

136 4357 164 4425 1)
187 4357 270 4427 Optio.
345 4361 375 4428 2)
396 4361 533 4415 Mercurio
551 4370 576 4414 ct
595 4363 689 4417 Morio.
765 4363 794 4431 3)
813 4365 931 4416 Rivaltc.
