3102 4978
316 411 320 416 ·
413 393 602 448 0530ch
621 394 735 448 REGIA
755 395 1006 450 cononmnsls.
1208 400 1275 451 XIX

154 585 313 650 mupnam
328 572 462 648 purtem
489 585 529 626 en
558 561 774 628 relationibus
797 573 904 628 sumta
933 575 1020 647 sunt,
1049 588 1133 651 quae
1161 569 1271 632 etiam-

153 669 234 711 num
255 648 293 710 in
314 647 481 711 codicibus
505 647 580 712 olim
602 647 637 712 S.
660 647 875 713 Pantaleonis
898 659 1037 732 enatant,
1066 654 1224 738 anonymi
1246 661 1276 716 et

160 729 285 795 Oliueri
300 730 495 798 scholastici.
536 731 628 796 Haec
648 741 762 816 postea
785 733 903 797 addita
925 757 1000 816 esse,
1022 735 1197 800 uerisimile
1219 744 1272 800 est.

153 815 237 880 Inde
260 815 300 880 ab
317 838 348 879 a.
368 815 482 879 1220.1
506 813 594 880 alius
609 825 645 879 ut
659 817 789 880 uidetur
802 817 903 880 buius
918 819 1063 883 coenobii
1075 820 1276 884 monacbus²

155 901 328 964 bistonio-m
357 901 395 964 in
422 901 436 962 i
461 923 495 964 so
517 901 626 965 codice
647 901 712 964 Bl
742 904 958 982 continuavit,
991 925 1084 987 quem
1109 904 1275 968 scribendi

153 984 419 1048 rationarium
468 993 596 1048 mutatu
626 994 656 1046 et
681 985 796 1070 plures
823 987 1062 1051 emendationes
1091 988 1199 1052 eodem
1225 986 1275 1051 uel

154 1091 274 1134 coaevo
296 1067 423 1132 calamo
436 1066 555 1151 factae
582 1071 650 1133 iam
673 1070 920 1156 autographum
940 1072 1114 1153 indicant,·
1143 1082 1171 1136 et
1192 1075 1274 1156 quin

155 1154 284 1216 codices
309 1152 337 1218 O
364 1153 426 1216 lac
458 1163 557 1236 parte
591 1153 631 1216 ab
664 1156 738 1238 ipso
774 1154 971 1239 pendeantss,
1009 1178 1074 1220 non
1105 1166 1150 1219 est
1185 1156 1275 1240 quod

154 1236 369 1302 dubitemus⁴.
423 1234 515 1310 Quae
547 1261 620 1301 cum
652 1240 701 1302 ita
728 1240 803 1312 sint,
836 1239 1002 1323 euemplar
1035 1240 1121 1326 qdod
1152 1241 1186 1304 tu·
1218 1262 1272 1303 eu·

149 1324 309 1406 primunt
337 1321 396 1385 boc
429 1321 498 1387 loco
526 1322 679 1403 desiisse,
709 1324 746 1386 in
774 1322 841 1386 Bl
871 1345 964 1400 nero,
1000 1327 1185 1389 recensione
1213 1324 1274 1388 illa

153 1407 289 1486 reiecto,
319 1405 457 1470 alteram
479 1428 544 1470 esse
566 1405 745 1490 confectam
774 1415 803 1471 et
823 1407 902 1471 inde
932 1408 972 1471 ab
996 1431 1026 1472 u.
1052 1407 1143 1472 1220.
1171 1409 1272 1472 conti·

153 1492 348 1554 unctionem
376 1491 530 1574 temporis
563 1490 702 1554 decursu
736 1491 896 1572 additam,
929 1514 1029 1576 quam
1054 1491 1106 1556 illi
1136 1493 1211 1575 (uel,
1238 1501 1278 1554 ut

152 1575 276 1639 rectius
298 1575 459 1654 dicamus,
483 1575 680 1661 archetypus
702 1576 849 1640 codicum
874 1574 913 1657 0)
935 1579 1125 1660 receperint,
1148 1585 1273 1640 statua-

152 1681 227 1723 mus
243 1667 375 1742 oportet.
412 1657 478 1732 Qui
486 1659 620 1743 primus
636 1657 775 1724 annales
784 1661 950 1745 producit
964 1662 1003 1726 de
1017 1659 1112 1724 rebus
1127 1660 1278 1745 publicis

147 1766 278 1828 parum
305 1741 421 1806 babuit
449 1753 645 1828 compertum
677 1752 707 1807 et
736 1743 776 1807 ab
808 1745 976 1809 erroribus
1001 1746 1133 1809 minime
1155 1747 1277 1812 cariffi.

153 1826 266 1891 Annis
288 1849 362 1891 uero
380 1827 472 1890 1224.
487 1850 553 1912 sqq.
569 1851 620 1892 res
643 1831 832 1892 accuratius
847 1839 925 1892 sunt
940 1832 1108 1915 conpositae
1130 1839 1159 1893 et
1172 1829 1276 1892 multa

153 1912 312 1975 memoria
338 1911 433 1974 valde
455 1913 562 1996 dipnu
583 1912 720 1993 tradito,
744 1915 943 1998 praesertim
969 1923 1115 1997 tempora
1144 1923 1173 1978 et
1200 1922 1277 1977 acto

152 1995 342 2082 Eupilberti
363 1997 605 2081 arcbiepiscopi
625 1995 805 2061 luculenter
826 1997 1002 2081 descripta.
1049 1995 1160 2070 Quare
1188 2001 1275 2061 inter

148 2082 394 2166 pretiosissima
416 2081 572 2145 historiae
588 2083 727 2166 patriae
753 2091 961 2145 monumenta
990 2083 1075 2146 barte
1099 2081 1274 2146 annalium

149 2174 283 2250 partem
303 2173 386 2228 recte
407 2165 591 2248 referebant
613 2167 805 2250 quicumque
833 2167 877 2229 iis
902 2167 957 2229 usi
978 2175 1064 2228 sunt.
1108 2171 1219 2251 Aequo
1245 2177 1278 2228 et

154 2259 253 2314 cauto
275 2251 405 2312 animo⁶
429 2257 586 2329 auctores,
609 2251 640 2314 si
659 2259 768 2314 tamen
777 2249 896 2335 plures
907 2248 1085 2335 fuerunt',
1108 2247 1147 2314 de
1157 2249 1272 2314 Fride-

155 2335 227 2398 rico
240 2335 445 2417 imperatore,
458 2335 616 2398 Heinrico
631 2356 717 2420 repe,
730 2335 878 2398 Honorio
888 2343 917 2397 et
924 2331 1086 2420 Greporio
1094 2330 1150 2398 IX.
1158 2335 1273 2418 pupis,

158 2417 314 2484 Conrado
325 2417 561 2502 Morburpensi
573 2419 712 2504 aliisque
724 2421 795 2482 eius
808 2421 963 2504 temporis
974 2421 1057 2482 uiris
1068 2419 1276 2500 iudicarunt,

85 2566 88 2571 .
154 2503 247 2567 iusta
268 2503 324 2566 ira
345 2504 482 2566 nonnisi
503 2503 555 2567 En
580 2503 687 2567 ilberti
716 2504 961 2588 archiepiscopi
988 2504 1171 2568 homicidas
1194 2525 1272 2587 per-

154 2587 269 2651 secuti.
316 2585 383 2660 Qut
415 2609 521 2650 annos
552 2526 770 2655 itta-1237.
803 2590 938 2672 copiosa
970 2589 1165 2652 narratione
1196 2585 1272 2653 illu-

157 2783 186 2851 1)
206 2785 275 2837 Ante
300 2785 371 2836 nure
396 2803 496 2836 annum
520 2787 634 2839 codicem
657 2787 711 2838 Bl
745 2804 800 2839 esse
829 2787 983 2854 confectum,
1014 2785 1077 2837 inde
1108 2784 1276 2854 inteltipitur,

155 2860 227 2924 quod
247 2859 340 2910 tabula
356 2860 527 2926 peneutopica
541 2879 572 2926 p.
594 2862 657 2912 226.
686 2867 747 2913 unte
765 2859 923 2912 Heinricum
941 2859 966 2911 I.
992 2858 1094 2911 inserta
1112 2861 1167 2910 iam
1181 2858 1274 2924 prima

154 2951 240 2984 mansu
253 2933 370 2983 continet
381 2930 549 2984 Fridericum
561 2933 603 2985 ΙΙ.
616 2933 808 2999 imperatorem,
828 2935 914 2986 alteru
932 2949 994 2986 uero
1003 2931 1160 2985 Heinricum
1176 2931 1276 2997 (VH.)

156 3006 235 3058 addit
266 3023 361 3074 repem-
436 3005 465 3072 2)
488 3005 633 3068 Quominus
664 3009 776 3059 eusdem
806 3007 951 3060 babeamus
983 3004 1029 3071 qui
1057 3024 1083 3057 a.
1112 3007 1191 3057 1200.
1216 3023 1272 3072 sqq.

156 3079 272 3146 scripsit,
305 3080 383 3130 etiam
406 3095 436 3130 eo
459 3079 627 3145 impedimur,
655 3082 724 3146 quod
743 3081 897 3148 Albipenscs
924 3078 979 3130 iam
1002 3097 1056 3132 non
1074 3079 1195 3148 Beppini,
1227 3080 1277 3131 sed

156 3151 283 3206 baeretici
308 3151 471 3204 Auionenses
495 3162 519 3204 et
548 3153 673 3205 Tolosani
697 3153 823 3205 dicuntur
848 3172 874 3204 a.
901 3153 982 3203 1225.
1026 3152 1112 3205 Verba
1139 3171 1165 3204 a.
1188 3153 1272 3203 1225:

157 3231 228 3279 sicut
247 3227 359 3278 historia
383 3227 464 3278 docet
484 3226 603 3292 priorem
631 3228 768 3278 chronicae
791 3235 896 3294 partem
919 3225 1048 3278 indicant.
1123 3229 1154 3292 3)
1173 3226 1209 3276 In
1228 3243 1273 3278 eu·

156 3301 252 3367 cerptis
272 3317 304 3351 eu
320 3298 419 3351 Olioeri
438 3300 549 3366 epistota
568 3299 802 3368 Ononnumquum
820 3298 952 3352 meliorem
971 3300 1104 3351 lectionem
1122 3307 1275 3364 servarunt,

156 3373 216 3427 ideo
239 3374 272 3423 ab
292 3391 317 3426 a.
339 3373 442 3425 demmn
464 3375 543 3426 1220.
565 3392 597 3427 erc
611 3375 698 3426 codice
713 3375 764 3426 Bl
772 3375 921 3441 fluaerunt.
996 3371 1026 3438 4)
1046 3371 1131 3424 Verba
1150 3390 1176 3425 a.
1192 3373 1274 3424 1229.

153 3456 215 3513 post
234 3453 264 3498 ut
283 3453 378 3513 postea
396 3449 483 3513 patuit
507 3448 536 3498 in
554 3449 606 3500 Bl
627 3449 656 3499 in
674 3448 800 3515 inferiore
818 3445 938 3512 marpine
961 3445 1070 3497 addita:
1097 3448 1161 3511 quia
1187 3447 1275 3512 culpis

157 3523 213 3572 suis
240 3521 408 3586 exigentibus
439 3523 608 3588 postmodum
634 3538 650 3572 a
676 3523 773 3574 domno
805 3536 877 3589 pape
904 3521 1001 3570 missus
1033 3525 1074 3571 est
1099 3522 1128 3569 in
1161 3535 1273 3571 caveam

157 3594 187 3644 in
208 3592 421 3656 Otrcnsiemmt,
446 3611 530 3658 neque
548 3593 604 3646 illic
622 3613 655 3647 en
674 3595 715 3648 lu‘s
728 3601 825 3661 postea
843 3593 967 3659 suppleta
995 3609 1050 3644 esse
1069 3593 1208 3660 probabile
1226 3601 1272 3645 est.

159 3666 247 3728 Quam
261 3667 383 3733 plurima
402 3665 463 3720 aliis
483 3669 566 3720 erasis
585 3670 614 3720 in
633 3669 660 3720 B
671 3671 683 3717 1
711 3671 811 3734 scriptu
828 3666 908 3720 etiam
928 3665 1108 3732 Opraebent,·
1131 3685 1193 3718 raro
1214 3676 1273 3718 tan·

158 3747 214 3792 tum
232 3749 341 3793 seruant
359 3757 427 3806 quae
446 3741 475 3791 in
493 3741 539 3793 illo
553 3751 616 3808 post
635 3743 723 3794 deleta
741 3752 818 3803 sunt,·
838 3758 860 3792 e.
877 3758 919 3808 pr.
940 3757 965 3790 a.
988 3740 1071 3803 1233;
1091 3743 1132 3792 uel
1151 3741 1272 3792 omittunt

152 3822 217 3879 post
242 3815 346 3878 addita,
375 3832 401 3865 a.
428 3815 508 3868 1237.
608 3814 638 3882 5)
665 3813 738 3868 Satis
763 3815 855 3867 acerbe
882 3813 985 3864 iudicat
1008 3813 1147 3866 Lehmann
1169 3831 1200 3880 p.
1222 3815 1274 3864 642

158 3886 244 3949 ‘Quae
264 3888 300 3940 ad
318 3904 361 3939 res
376 3888 484 3953 patrias
499 3888 634 3956 pertinent
659 3899 707 3940 aut
718 3890 798 3956 salso
817 3895 864 3940 aut
881 3887 1012 3940 uilissima
1030 3889 1108 3939 sunt’.
1182 3887 1211 3954 6)
1232 3885 1272 3952 Qf.

159 3977 184 4013 a.
206 3962 285 4012 1233.
306 3963 340 4013 de
359 3959 482 4013 Conrado
499 3963 701 4030 Morburpensi:
727 3966 750 4014 si
770 3963 811 4014 fas
831 3968 872 4013 est
891 3961 946 4011 dici
964 3963 1043 4012 nimis
1068 3958 1193 4028 precipiti
1212 3977 1272 4012 sen-

157 4037 252 4086 tentia.
334 4032 364 4100 t)
383 4033 474 4086 Serum
494 4038 557 4101 sere
581 4037 661 4088 idem.
699 4037 776 4088 Anno
804 4035 885 4086 1236.
903 4032 1010 4085 Lucani
1034 4051 1126 4088 uersus
1152 4035 1274 4100 affertur,

159 4123 183 4156 u.
207 4109 285 4160 1217.
306 4107 362 4160 eius
382 4108 546 4175 epitaphium
566 4109 710 4166 exhibetur.
755 4108 853 4160 Variae
875 4124 972 4160 manus
998 4109 1142 4173 complures
1161 4107 1271 4170 scribas,

157 4197 213 4231 non
231 4182 309 4233 etiam
329 4188 447 4234 auctores
461 4184 588 4248 probant.
626 4185 767 4236 Auctorem
787 4199 918 4234 annorum
939 4181 1009 4231 1229
1025 4199 1079 4247 sqq.
1100 4198 1158 4232 cum
1177 4179 1273 4232 Fridc·

157 4255 211 4306 rico
231 4254 271 4306 11.
290 4256 319 4306 in
338 4254 424 4306 Italia
435 4257 535 4323 fuisse,
555 4257 584 4309 id
603 4258 675 4325 quod
693 4257 818 4321 Bblrmer,
837 4255 934 4308 Fontes
952 4254 993 4316 II,
1010 4272 1040 4320 p.
1060 4269 1151 4318 XXXX,
1170 4253 1274 4316 statuit,

158 4336 224 4378 recte
242 4329 271 4380 in
289 4329 399 4381 dubium
418 4327 523 4382 ubcnuit
540 4331 679 4384 Lehmann
700 4349 731 4397 p.
753 4331 802 4395 663
828 4347 855 4380 a.
875 4329 955 4378 1231.
975 4331 1129 4394 reseruntur
1148 4344 1216 4392 quae
1236 4327 1274 4377 od

158 4403 356 4464 praecedentem
370 4405 505 4469 pertinent
524 4422 633 4459 annum.
