3122 4978
293 377 345 427 160
430 372 618 427 CHRONIGA
636 373 752 424 REGIA·
769 370 1021 425 COLONIENSIS.
1042 373 1146 425 CONT.
1166 374 1198 428 Δ.
1222 373 1300 423 1197.

688 545 856 598 Recensio
875 547 901 598 I.
921 556 945 598 et
964 547 1006 604 ΙΙ.

376 633 517 698 Rumor²
550 631 648 697 falsus
681 631 787 696 subito
816 632 856 697 de
886 634 976 716 obitu
1010 632 1215 720 imperatorsi
1246 653 1414 717 emergens

293 718 438 784 homines
452 739 570 804 pravos
591 727 623 783 et
637 717 820 803 pestilentes
843 717 885 781 ad
899 717 1033 804 predam
1056 728 1088 782 et
1110 717 1320 804 direptionem
1337 737 1415 802 qua·

294 825 486 892 quaversum
507 802 681 887 instigavit,
704 802 758 888 qui
780 809 944 887 tamquam
966 802 1034 889 lupi
1055 823 1188 888 rapaces
1209 804 1242 866 in
1265 801 1417 866 destituta

295 887 411 953 oviliab
438 888 608 968 sevientes,
630 883 680 950 his
707 907 826 972 queso
852 887 990 971 primere
1011 896 1158 971 poterant
1177 885 1277 950 nichil
1301 885 1417 973 reliqui

294 973 447 1052 fecerunt,
477 973 589 1053 donec,
612 971 741 1055 cognito
764 908 849 1057 quod
884 970 989 1034 adhuc
1021 974 1144 1035 viveret
1172 971 1361 1056 imperator,
1396 989 1417 1032 a

295 1054 437 1120 seviendi
462 1053 591 1120 licentia
622 1055 761 1152 repressi
788 1063 870 1119 sunt.
930 1055 1161 1120 Verumtamen
1189 1054 1276 1142 quod
1304 1075 1414 1118 rumor

295 1139 484 1228 vulgaverat
515 1140 548 1202 in
578 1138 670 1203 brevi
701 1148 815 1226 postea
844 1161 956 1202 verum
985 1139 1105 1203 factum
1133 1148 1190 1203 est.
1245 1139 1328 1202 Nam
1357 1139 1416 1201 im·

294 1232 424 1310 perator
444 1244 508 1287 non
537 1222 633 1307 longo
662 1232 736 1308 post
763 1231 907 1370 tempore
928 1233 1073 1287 mortuus
1094 1224 1274 1289 nunciatur.
1326 1220 1418 1287 Obiit

296 1318 405 1374 autem
425 1308 460 1371 in
481 1307 562 1371 festo
585 1307 686 1371 sancti
708 1306 834 1372 Micbae
848 1309 874 1372 is
896 1308 926 1374 2.
952 1305 1024 1372 Kal.
1045 1307 1214 1372 Octobris¹
1239 1319 1270 1372 et
1292 1305 1418 1371 honori-

297 1393 358 1457 fice
393 1414 466 1456 cum
496 1389 602 1454 multis
634 1391 814 1476 insignibus
841 1390 927 1477 apud
959 1391 1147 1478 Neapolim²
1183 1389 1325 1477 sepultus
1361 1398 1419 1454 est.

296 1475 348 1542 Ibi
369 1473 531 1540 adnullata
553 1483 601 1539 est
621 1474 786 1558 profectio,
809 1497 906 1560 quam
927 1477 996 1561 ipse
1018 1476 1060 1540 ad
1081 1475 1302 1556 liberationem
1317 1485 1421 1540 terrae

297 1559 552 1645 repromissionis
576 1558 696 1622 dudum
720 1558 934 1644 disposuerat3
958 1559 1013 1624 sed
1037 1570 1068 1625 et
1090 1561 1192 1623 omnis
1207 1556 1327 1644 Apulia
1343 1560 1419 1645 [et0]

299 1641 457 1725 Calabria,
470 1641 579 1707 Sicilia
601 1642 665 1706 abd
688 1665 817 1707 suorum
840 1643 1055 1708 dominatione
1072 1667 1105 1708 se
1122 1645 1297 1724 excutiam,
1313 1652 1422 1707 tamen

298 1728 395 1792 uxori
416 1729 484 1792 eius
508 1737 539 1791 et
560 1726 625 1791 filio
648 1750 683 1791 se
706 1724 841 1793 subiecit
870 1737 902 1792 et
928 1729 974 1792 eis
1003 1728 1102 1794 fidem
1123 1727 1206 1792 fecit.
1256 1727 1293 1791 In
1315 1726 1420 1791 Theu-

298 1813 405 1876 toniea
426 1833 501 1875 vero
524 1820 608 1876 terra
629 1834 729 1876 werre
751 1811 850 1876 multe
872 1822 903 1877 et
930 1812 1144 1878 dissensiones
1172 1821 1303 1876 eatenus
1332 1811 1421 1874 inau-

300 1895 384 1961 ditae
408 1895 552 1959 oriuntur
574 1918 671 1982 super
690 1897 836 1980 imperia.
1142 1927 1143 1930 ¹

302 1978 521 2068 [Secundae
558 1979 774 2078 expeditio
816 2003 836 2044 a
878 1979 1128 2079 qpibusdam
1156 1978 1422 2065 principibus

764 2086 813 2128 1m
851 2086 955 2128 eru.

386 2146 415 2210 E
439 2147 570 2234 iscopus
592 2148 798 2234 Mogontinus
821 2087 852 2214 it
873 2063 944 2212 dard
963 2146 1210 2234 Lotliaringiae³
1234 2156 1264 2212 et
1285 2145 1424 2230 lantgra-

301 2234 394 2296 vius⁴
416 2170 484 2330 ferti·
500 2231 660 2330 palatinus
683 2235 804 2319 eomes]
828 2232 935 2298 etalii
961 2231 1054 2296 multi
1075 2233 1238 2319 principes
1261 2253 1334 2294 cum
1356 2230 1424 2329 qui-

300 2315 437 2382 busdam
459 2327 591 2400 signatu
606 2338 694 2381 mare
709 2326 918 2397 transeuntes,
935 2315 1002 2381 solo
1018 2338 1075 2381 suo
1091 2315 1231 2381 adventu
1249 2325 1280 2379 et
1294 2336 1423 2396 nomme

300 2422 445 2550 ppganos
468 2410 657 2464 terruerunt.
703 2402 858 2486 Aggressi
880 2401 974 2465 etiam
993 2423 1136 2486 pugnam
1152 2410 1262 2465 contra
1276 2398 1423 2463 inimicos

337 2506 366 2548 e1
387 2485 421 2547 in
441 2484 570 2547 nomine
592 2483 725 2548 Domini
747 2484 828 2549 bene
849 2486 1027 2571 prosperati
1049 2495 1131 2564 sunt,
1155 2485 1239 2548 sicut
1256 2483 1421 2568 cognitum

303 2577 415 2633 estex
435 2566 557 2650 litteris,
581 2590 660 2654 quas
682 2563 846 2653 predictus
869 2567 937 2632 dux
958 2570 1044 2633 misit
1059 2568 1243 2635 Coloniensi
1264 2566 1420 2653 archiepi-

303 2672 401 2738 scopo
423 2651 456 2714 in
478 2651 563 2715 hunc
584 2651 730 2715 modum:

390 2733 555 2808 Quoniam
577 2737 616 2799 de
638 2737 774 2802 donaris
796 2738 902 2801 nostri
915 2739 1122 2823 promotione
1151 2761 1190 2802 ac
1216 2737 1314 2802 totius
1336 2735 1421 2799 cbri-

303 2821 488 2884 stianitatis
505 2821 723 2904 prosperitate
737 2821 925 2906 plurimum
946 2844 1002 2885 cos
1024 2825 1143 2886 seimus
1165 2823 1270 2903 letari,
1301 2821 1419 2885 discre-

303 2904 403 2969 tionis
425 2914 550 2968 cestrae
565 2906 768 2988 prudentiae
794 2905 1032 2991 significamus,
1063 2906 1159 2990 quod,
1190 2929 1262 2970 cum
1284 2927 1305 2968 a
1323 2907 1421 2988 prin-

304 2988 434 3071 cipibus
449 2989 594 3053 Romani
610 2991 744 3076 imperii
759 2998 787 3054 et
802 2990 980 3054 baronibus
995 3000 1102 3054 terrae
1117 2988 1420 3055 lherosolimitanae

305 3080 334 3136 et
355 3074 518 3137 communi
542 3074 668 3158 populo
698 3075 735 3137 in
765 3075 959 3160 magistrum
986 3076 1084 3139 totius
1107 3077 1267 3140 accercitus
1278 3073 1423 3158 fuissem

305 3154 432 3238 electus,
455 3156 677 3223 cumconsilio
688 3160 885 3243 principum
900 3167 928 3222 et
942 3159 1040 3222 totius
1063 3161 1222 3224 coercitus
1238 3161 1300 3222 iter
1310 3179 1423 3220 uersus

206 3239 454 3305 aasaBeritum
478 3243 694 3326 arripuimus.
747 3244 809 3306 Ere
825 3266 897 3306 cum*
918 3246 955 3308 in
969 3252 1058 3306 noete
1074 3243 1160 3308 beati
1174 3243 1325 3308 Severini
1338 3242 1424 3305 inter

308 3325 431 3412 Tyrum
472 3336 500 3388 et
522 3325 687 3413 Sydcnem
723 3327 892 3392 ordinatil
930 3327 1151 3392 decentissime
1192 3327 1423 3406 incederemus,

306 3407 528 3494 Sapiadinus
550 3421 578 3474 et
601 3433 708 3476 omnes
732 3413 901 3476 ammirati
921 3412 1129 3496 Babyloniae
1153 3422 1247 3498 atque
1262 3410 1424 3474 Damasci

306 3517 378 3558 crem
407 3517 532 3581 mapna
559 3493 767 3560 multitudine
790 3493 1050 3561 Sarracenorum
1080 3519 1102 3559 a
1128 3494 1227 3561 latere
1253 3495 1424 3560 mantissa

237 3615 238 3618 κ
307 3578 400 3642 nobis
439 3579 637 3644 ostendentes
679 3588 708 3644 et
740 3604 762 3644 a
794 3590 882 3666 terpo
918 3603 1019 3665 usque
1053 3581 1098 3645 ad
1130 3604 1221 3646 mare
1251 3580 1424 3643 oneratum

307 3671 454 3726 nostrum
475 3664 724 3746 circumdantes,
746 3665 783 3728 in
807 3665 894 3728 <ecies
916 3673 1047 3728 nostras
1062 3688 1181 3751 praees
1202 3675 1231 3730 et
1253 3665 1424 3730 coritianos

299 3745 455 3829 fecerant
475 3747 627 3827 insultus,
656 3769 825 3834 omnesque
852 3751 938 3812 vires
966 3770 1057 3828 suas,
1086 3750 1251 3814 ordinatis
1279 3747 1425 3814 crinibus

309 3851 388 3913 quos
411 3829 527 3893 babere
542 3833 661 3914 potuit,
684 3834 828 3897 eaercuit
850 3842 966 3897 eontra
988 3855 1047 3897 nos
1068 3856 1149 3919 pens
1171 3835 1301 3919 iniqua.
1344 3831 1423 3895 Pro·

309 4027 332 4080 s)
349 4029 423 4077 Igitur
438 4039 455 4069 r.
471 4029 520 4070 Β1.
559 4027 582 4080 1))
600 4031 730 4072 deferentes
746 4033 795 4074 add.
811 4034 847 4072 sed
862 4033 901 4074 dcl.
919 4034 964 4074 cl.
1004 4031 1025 4085 c)
1042 4033 1097 4072 deur
1113 4031 1163 4074 At.
1195 4031 1218 4084 d)
1235 4043 1257 4075 a.
1273 4034 1326 4083 1³13
1343 4034 1426 4076 adol.

310 4087 449 4140 e)rubrairr
463 4099 532 4138 maro.
549 4089 601 4139 1313
617 4089 718 4133 deust.
736 4091 777 4130 01.
795 4093 814 4133 2.
845 4091 1021 4144 f)desuntA2.‘
1043 4091 1126 4144 mane
1142 4092 1186 4132 02.
1217 4089 1362 4143 morcinum
1379 4093 1425 4134 At.

310 4149 356 4188 Β1.
374 4149 395 4188 2.
413 4147 460 4197 0¹3
475 4149 595 4188 ordinatus
612 4148 653 4190 01.

312 4289 340 4358 1)
360 4290 405 4342 Ita
428 4292 506 4342 etiam
532 4289 580 4342 alii
602 4295 694 4356 multi·
717 4295 763 4347 sed
784 4295 827 4348 die
847 4295 890 4348 28.
910 4295 983 4363 Sept.
1003 4297 1082 4357 oolia-
1109 4314 1135 4348 υ.
1160 4295 1257 4347 Toecltc
1275 4313 1306 4361 p.
1327 4295 1379 4343 471
1400 4311 1426 4346 n.

311 4364 341 4430 2)
351 4364 435 4415 immo
448 4364 583 4418 Panormi.
622 4365 651 4433 3)
662 4365 853 4438 Lotlrminpiae
867 4369 1002 4438 inferioris
1015 4370 1167 4423 Heinricus.
1205 4368 1234 4435 4)
1245 4369 1427 4421 Hemnannus.
