2988 5058
285 403 338 452 356
478 390 650 450 'uinum
669 397 918 451 CONTINUATIO
939 394 1192 450 COLONIENSIS.

284 566 401 632 Maria
422 566 463 631 ab
485 565 671 631 Hermanno
697 565 798 632 nobili
818 567 889 630 viro
917 566 957 631 de
980 565 1207 652 Breyderwort
1228 567 1374 650 capitur
1402 575 1439 630 et

284 653 318 715 in
347 650 485 715 vinculis
507 652 642 715 moritur
653 662 673 714 ¹.

371 735 476 799 Huius
499 736 600 799 eciam
623 735 716 820 regni
730 744 833 798 anno³
857 744 981 821 quarto,
1003 733 1155 800 videlicet
1170 754 1253 797 anno
1271 733 1431 796 Domini

208 834 275 877 rua
288 819 369 884 1278
377 867 385 900 ,
415 817 606 883 Wilhelmus
643 841 750 883 comes
786 818 974 884 iuliacensis
1011 819 1173 883 civitatem
1205 817 1429 903 Aquensem,
1472 867 1473 916 ,

285 902 528 988 archiepiscopo
551 903 735 968 Coloniensi
757 903 918 987 Sigefrido
946 903 1194 984 confederatam,
1224 901 1300 966 dolo
1336 901 1432 966 obti—
1472 917 1473 1000 p

285 1010 362 1052 nere
383 988 496 1052 nititur
518 996 549 1051 et
570 989 697 1052 incaute
724 987 912 1073 ingreditur,
934 1009 972 1051 ac
995 989 1082 1051 cives
1105 985 1146 1050 ad
1168 1007 1260 1049 arma
1283 984 1431 1050 concla-
1472 1017 1473 1046 Τ

286 1081 420 1152 mantes,
441 1073 548 1156 iprum
566 1072 715 1136 comitem
738 1080 770 1134 et
784 1070 885 1134 filium
900 1073 969 1136 eius
984 1071 1234 1157 primogenitum
1256 1091 1339 1133 cum
1357 1081 1429 1134 tre-

286 1158 387 1220 centis
409 1165 440 1220 et
454 1157 624 1240 sexaginta
644 1165 715 1220 octo
731 1153 929 1237 satellitibus,
951 1156 1052 1242 proch
1068 1153 1175 1219 dolor!
1197 1153 1430 1236 interficiunt3

286 1250 319 1304 et
338 1239 611 1326 archiepiscopus,
633 1239 767 1303 audacie
806 1249 880 1304 ustu
895 1262 936 1304 ex
952 1261 1028 1304 casu
1043 1240 1245 1303 inimicorum
1261 1248 1424 1323 accepto,

286 1334 406 1388 terram
427 1325 553 1388 comitis
576 1322 763 1388 Iuhacensis
782 1261 943 1388 hostiliter
964 1323 1097 1404 invadit,
1121 1322 1262 1404 cedibus,
1286 1323 1425 1408 rapinis

288 1419 320 1472 et
351 1407 506 1472 incendiis
536 1416 651 1471 cuncta
684 1407 856 1472 devastans
888 1418 920 1472 et
947 1407 1162 1472 Iuliacensem
1192 1407 1424 1472 municionem

288 1491 454 1556 obsidione
470 1491 682 1560 circumdans.
726 1491 792 1555 Atb
815 1493 1001 1591 superstites
1017 1492 1113 1555 amici
1128 1491 1256 1556 comitis
1272 1500 1305 1555 et
1322 1501 1424 1576 quot

288 1585 368 1661 quot
388 1577 421 1638 in
443 1575 499 1639 tali
520 1575 739 1661 trepidacione
760 1574 870 1662 collig1
891 1585 1048 1661 poterant,
1071 1577 1256 1659 congregati
1277 1575 1424 1641 viriliter

287 1659 389 1808 portis
404 1669 576 1745 erumpunt
591 1668 622 1724 et
636 1660 916 1746 archiepiscopum
935 1670 967 1725 et
988 1682 1063 1724 suos
1079 1659 1227 1724 ferociter
1242 1659 1421 1724 invadunt.

315 1743 356 1806 ed
371 1743 500 1808 tandem
515 1743 777 1829 archiepiscopus
792 1745 927 1809 victoria
940 1745 1070 1830 potitus,
1091 1744 1308 1807 municionem
1324 1743 1420 1807 illam

288 1828 376 1913 cepit
398 1837 430 1892 et
452 1849 509 1913 pro
533 1849 591 1892 suo
618 1827 720 1892 libito¹
737 1829 818 1893 inibi
847 1838 962 1892 cuncta
989 1827 1158 1914 disposuit.
1200 1826 1252 1891 lbi
1282 1849 1420 1914 quoque

180 1917 185 1932 ¹
287 1921 320 1976 et
332 1910 539 1977 Colonienses
553 1934 612 1997 pro
623 1911 864 1998 archiepiscopo
878 1914 1001 1978 fortiter
1012 1935 1172 1998 pugnasse
1184 1923 1420 1995 memorantur,
1472 1933 1473 1972 ι

284 2003 321 2074 ,οἱ
342 1993 443 2080 aliqui
465 2017 507 2060 ex
529 1997 575 2060 eis
600 1997 788 2060 occubuisse
810 1998 998 2076 referuntur.
1044 1997 1160 2062 Comes
1174 2018 1251 2061 vero
1273 1996 1316 2060 de
1331 1996 1419 2060 Lua-

233 2089 235 2094 '
288 2077 450 2164 linburg²,
481 2082 747 2167 consanguineus
780 2082 907 2145 comitis
934 2079 1132 2163 Iuliacensis,
1166 2103 1240 2143 cum
1266 2083 1417 2146 maximo

289 2165 436 2228 exercitu
458 2164 678 2250 episcopatum
706 2167 804 2229 intrat
826 2163 1048 2231 Coloniensem
1079 2174 1111 2229 et
1132 2163 1307 2250 Tulpetum
1331 2165 1418 2230 obsi-

289 2246 385 2311 dione
402 2248 544 2332 [cinxii⁰,
590 2259 700 2334 ropier
717 2271 792 2314 vero
813 2251 1032 2315 resistenciam
1056 2248 1132 2313 dicti
1153 2248 1274 2313 domini
1291 2249 1416 2334 Syfridi

289 2332 330 2395 ab
354 2330 532 2418 obsidione]
562 2271 706 2397 discedit.
752 2333 815 2397 Sed
846 2333 974 2398 tandem
1009 2333 1156 2398 fidelibus
1178 2331 1416 2419 archiepiscopi

290 2425 321 2481 et
342 2416 454 2479 amicis
477 2417 602 2480 comitis
624 2416 850 2499 mediantibus,
877 2416 932 2482 tali
955 2417 1144 2481 condicione
1165 2439 1230 2503 pax
1252 2417 1338 2482 inter
1363 2440 1415 2482 eos

214 2499 482 2564 rarareformata³
506 2511 563 2583 est,
584 2509 621 2564 ut
642 2500 903 2589 archiepiscopus
919 2501 1077 2566 Iuliacum
1100 2513 1131 2566 et
1154 2503 1260 2587 siqua
1281 2499 1348 2565 alia
1371 2503 1415 2565 in-

289 2595 417 2649 vaserat
439 2583 597 2666 redderet,
619 2596 650 2649 et
672 2584 826 2672 deinceps
847 2585 952 2650 nullus
974 2585 1073 2651 alium
1094 2585 1265 2664 infestaret.

212 2681 278 2722 ¹²⁷⁸·
378 2668 503 2732 Eodem
525 2691 609 2732 anno
632 2668 788 2736 Rudolfus
814 2693 873 2734 rex
896 2670 1140 2755 expedicionem
1166 2670 1199 2732 in
1222 2667 1414 2734 Bohemiam

293 2751 424 2815 molitur
460 2765 572 2816 contra
606 2774 715 2836 regem
756 2754 921 2819 eiusdemd
959 2755 1140 2840 provincie,
1185 2762 1414 2838 occupatorem
1472 2807 1473 2810 ,

292 2836 429 2900 ducatus
450 2835 590 2918 Austris,
623 2844 654 2901 et
682 2838 762 2901 inito
790 2838 950 2920 conflicto,
980 2860 1039 2902 rex
1061 2837 1213 2902 Bohemie
1242 2837 1413 2922 occiditur,
1472 2843 1473 2890 l

291 2928 324 2983 et
345 2917 503 2983 Rudolfus
533 2943 591 2984 rex
612 2921 748 2986 victoria
779 2924 911 3008 potitur.
956 2923 1021 2988 Sed
1049 2921 1178 2987 tandem
1210 2922 1413 3020 principibus
1472 2891 1473 2954 l

289 3002 505 3069 mediantibus
521 3004 760 3087 Wenczlaum0,
781 3007 939 3072 interfecti
961 3008 1045 3090 regis
1067 3005 1179 3088 filium,
1211 3028 1243 3068 1n
1267 3007 1413 3090 graciam
1472 2979 1473 3060 l

291 3089 444 3172 suscepit,
477 3087 575 3153 filiam
603 3112 694 3154 suam
722 3091 827 3155 eidem
855 3093 887 3154 in
917 3091 1157 3155 matrimonium
1190 3089 1347 3154 tradendo
1383 3101 1413 3156 et

290 3171 393 3235 filium
416 3195 510 3236 suum
533 3172 742 3238 Adelbertum
765 3174 805 3239 de
828 3175 947 3240 ducatu
968 3175 1099 3240 Austrie
1120 3173 1331 3238 investiendo.

146 3244 281 3348 omum]
376 3255 481 3320 Huius
504 3259 606 3321 eciam
628 3267 771 3343 tempore
794 3277 851 3323 tota
873 3273 962 3323 sicilia
984 3269 1096 3324 contra
1117 3257 1283 3340 Karolum,
1314 3279 1410 3356 quem

289 3361 377 3426 papa
413 3351 525 3404 contra
560 3351 693 3427 nepotes
726 3342 884 3407 Friderici
923 3343 1124 3428 imperatoris
1157 3364 1266 3425 regem
1300 3340 1411 3408 Srcilis

289 3425 418 3506 fecerat,
448 3438 591 3501 rebellans,
613 3439 721 3489 Petrum
744 3457 836 3506 regem
857 3442 1004 3506 Arragonie
1030 3443 1059 3490 in
1088 3455 1165 3488 suum
1195 3438 1362 3490 defensorem
1386 3445 1412 3490 et

291 3515 426 3566 dominum
437 3522 609 3567 vocaverunt.
649 3517 832 3584 Succensique
846 3519 919 3568 rabie
933 3534 1025 3569 omnes
1040 3518 1167 3580 Gallicos,
1187 3518 1232 3582 qui
1250 3517 1285 3565 in
1305 3533 1412 3582 ragno

291 3589 414 3640 Sicilie
433 3590 612 3653 morabantur,
641 3596 696 3640 tam
721 3607 808 3642 mares
828 3608 908 3657 quam
927 3592 1048 3655 feminas,
1075 3607 1153 3643 senes
1177 3605 1210 3640 ac
1236 3591 1355 3653 iuvenes,
1383 3593 1410 3641 in

292 3667 474 3727 contemptum
502 3664 575 3728 regis
600 3663 720 3714 Karoli
747 3665 946 3728 iuterfecerunt,
980 3671 1007 3715 et
1036 3665 1107 3730 quod
1137 3663 1325 3714 detestabilius
1353 3664 1411 3728 luit,

290 3734 361 3785 latus
398 3737 537 3787 mulierum
568 3737 738 3801 Latinarum,
776 3754 827 3803 que
860 3755 876 3787 a
908 3735 1020 3789 Gallicis
1054 3737 1213 3789 dicebantur
1245 3739 1410 3802 concepisse,

291 3809 444 3874 aperientes
451 3803 470 3870 l,
491 3815 582 3876 partus
599 3825 689 3860 aarum
707 3817 852 3877 antequam
866 3818 1040 3862 nascerentur
1053 3809 1222 3862 occidebant.
1252 3810 1311 3861 Rex
1324 3815 1411 3860 autem

290 3882 588 3947 ArragonumSiciiiam
609 3898 753 3950 occupans,
773 3901 802 3936 se
821 3886 849 3935 in
868 3901 958 3950 regem
980 3885 1074 3936 Sicilie
1093 3885 1159 3934 fecit
1178 3885 1300 3934 coronari
1321 3888 1411 3935 contra

291 4024 315 4076 a)
332 4037 394 4067 anno
414 4027 517 4076 supplevi.
591 4027 615 4080 b)
632 4028 667 4070 Ac
683 4028 712 4083 (i)
728 4041 747 4070 a.
823 4028 844 4080 c)
861 4031 925 4071 verba
947 4031 1020 4072 cinxit
1043 4051 1069 4060 -
1093 4031 1121 4070 ab
1145 4029 1266 4070 obsidione
1283 4029 1363 4078 partim
1387 4041 1410 4070 aa

292 4086 542 4196 gtrpxppmigrsagmlum
556 4089 661 4138 supplevi.
737 4088 760 4140 d)
777 4090 876 4130 eundem
892 4101 909 4130 c.
985 4088 1007 4141 a)
1024 4090 1176 4131 Wenauiaum
1192 4100 1250 4129 corr.
1265 4099 1323 4130 man.
1338 4099 1375 4130 aaa.
1392 4099 1409 4132 c.

294 4259 323 4326 1)
344 4260 385 4327 Of.
397 4260 509 4316 Laoolda'
527 4265 617 4317 chron.
638 4282 701 4317 com.
721 4265 754 4318 de
773 4265 877 4329 Marce,
898 4265 1076 4332 spiridione,
1096 4264 1192 4318 SM.
1207 4264 1331 4328 Geraml,
1350 4265 1408 4317 391.

292 4335 324 4399 2)
345 4335 432 4387 &mes
457 4337 490 4388 de
509 4335 638 4407 Limbarp
662 4338 826 4406 ioieliipitm.
913 4337 1191 4404 3)1279,0ct.14;
1216 4337 1406 4391 aiacomblee
1472 4401 1473 4410 ,

291 4425 335 4459 nr.
357 4408 527 4475 730,11‚p.
548 4413 611 4464 429.
650 4409 689 4478 Cf.
710 4413 771 4462 Not.
793 4412 890 4476 Colora,
911 4410 961 4466 SS.
981 4412 1086 4476 XXIV,
1102 4429 1132 4478 p.
1154 4412 1218 4464 364.
