3098 4982
294 384 346 433 262
380 384 567 437 casuales
582 384 694 436 REGIA
708 384 961 436 OOLONIENSIS.
982 383 1085 437 CONT.
1096 383 1145 436 IV.
1164 385 1197 437 Δ.
1211 385 1289 436 1230.
1302 386 1385 437 1231.

669 553 764 615 Anno
786 550 919 617 Domini
942 551 1033 616 1230.

376 636 415 699 In
446 635 624 720 Hispania⁸
661 657 719 700 rex
751 634 1012 718 Legionensisb·¹
1051 645 1083 700 et
1117 635 1202 700 filius
1240 659 1316 701 suus
1351 659 1412 702 rex

293 718 453 785 Castelle²
475 741 564 782 arma
586 728 697 783 contra
713 719 906 784 Sarracenos
922 731 1052 784 sumunt
1073 730 1106 785 et
1119 743 1270 869 magpam
1284 731 1411 807 partem

292 813 374 868 terre
397 813 564 890 occupant,
588 813 683 890 capta
706 804 834 868 civitate
850 826 912 890 que
927 804 1091 868 Emerita³
1113 804 1185 868 dice
1209 816 1289 870 atur.
1332 806 1409 953 Ipso

291 909 376 952 anno
405 911 464 953 rex
493 888 681 973 Arragona⁴
711 888 848 952 insulam
875 910 938 975 que
960 889 1116 953 Maiorica
1133 889 1272 971 dicitur,
1302 913 1356 953 mu
1368 891 1409 955 tis

292 973 385 1036 annis
415 975 435 1036 a
464 972 649 1037 sarracenis
680 981 879 1058 occupatam,
913 973 1009 1059 capit,
1043 973 1259 1059 expugnando
1289 972 1410 1039 ibidem

292 1055 454 1142 quandam
476 1057 638 1121 civitatem
659 1056 827 1140 famosam,
856 1067 949 1142 capto
972 1057 1042 1122 eius
1064 1081 1139 1144 rege
1161 1068 1194 1122 et
1222 1067 1291 1123 tota
1312 1057 1409 1123 domo

290 1163 325 1204 re
348 1162 389 1204 ra.

326 1163 348 1226 g
374 1224 498 1288 Eodem
514 1246 598 1288 anno
614 1223 763 1288 dominus
780 1223 903 1309 Symon
917 1224 1043 1290 abbas*
1058 1227 1147 1310 obiit,
1169 1236 1201 1291 et
1216 1228 1245 1291 ei
1260 1226 1410 1291 dominus

290 1308 463 1373 Heinricus
488 1319 619 1393 quartus
642 1307 796 1373 succedit.

375 1391 500 1456 Eodem
525 1413 652 1479 quoque
678 1414 761 1457 anno
784 1393 885 1458 oritur
909 1393 1065 1459 dissensio
1091 1397 1174 1460 inter
1195 1394 1410 1480 archiepisco·

315 1477 411 1539 um**
447 1486 478 1540 et
510 1475 625 1540 ducem
661 1476 701 1541 de
733 1475 909 1562 Limburg⁵
946 1500 1044 1565 super
1078 1478 1248 1544 advocatia
1284 1480 1410 1546 cenobii

290 1497 555 1645 dibergensisvo.
614 1560 709 1626 Unde
742 1570 882 1625 castrum
911 1560 1081 1627 Tuiciense
1123 1562 1201 1627 dicti
1237 1562 1329 1627 ducis
1366 1565 1408 1630 ab

290 1642 489 1730 archiepisco
515 1666 532 1708 o
556 1643 701 1727 diruitur,
724 1655 755 1710 et
777 1655 917 1710 castrum
938 1645 1029 1710 ducis
1052 1645 1173 1712 dictum
1188 1647 1410 1713 Bensburad*

290 1727 388 1813 longa
409 1667 577 1793 obsidione
598 1727 734 1794 vallatur
757 1731 777 1792 a
799 1731 929 1815 copioso
952 1731 1096 1795 exercitu
1117 1731 1354 1818 archiepiscopi
1377 1741 1411 1797 et

291 1813 418 1876 comitis
456 1812 616 1878 Senensis.
675 1813 740 1878 Sed
772 1811 847 1878 licet
882 1815 1017 1878 acritere
1056 1816 1303 1901 inpugnaretur,
1344 1838 1410 1881 non

291 1897 427 1982 capitur,
459 1896 520 1960 hiis
554 1898 610 1984 qui
641 1899 727 1962 intus
759 1906 851 1962 erant
879 1919 915 1962 se
935 1897 1068 1964 viriliter
1100 1899 1345 1966 defendentibus
1375 1910 1409 1965 et

289 1981 465 2065 ingeniose.
512 1981 565 2044 Ex
597 1979 696 2046 altera
728 1990 818 2066 parte
846 1993 987 2047 castrum
1016 1982 1251 2070 archiepiscopi
1285 1984 1410 2050 dictum

290 2063 483 2151 Tulpetum⁸
516 2065 636 2129 casuali
673 2065 823 2130 incendio
860 2077 1083 2132 concrematur
1128 2078 1160 2133 et
1187 2079 1319 2156 propter
1346 2070 1410 2134 hoc

291 2147 545 2235 acomplicibus
568 2149 659 2213 ducis
682 2151 825 2236 capitur,
853 2150 909 2216 ubi
931 2151 1021 2216 multi
1043 2152 1187 2217 homines
1208 2154 1284 2239 igne
1305 2155 1409 2239 perie-

289 2243 373 2301 runt.
415 2233 519 2298 Multo
535 2235 632 2298 etiam
647 2236 792 2299 exercitu
807 2234 971 2298 hincinde
987 2247 1192 2321 congregato,
1207 2237 1249 2302 ad
1288 2259 1410 2322 ugnam

288 2339 355 2381 non
377 2328 425 2383 est
443 2339 661 2417 progressum,
689 2318 745 2383 sed
773 2319 920 2382 incendia
941 2318 1088 2384 villarum
1111 2333 1142 2386 et
1164 2261 1409 2407 depredationes

289 2410 321 2465 et
335 2411 530 2467 vastatrones
552 2403 720 2466 civitatum
737 2412 769 2467 et
783 2412 960 2467 castrorum
974 2405 1065 2475 fiunt.
1108 2406 1204 2470 Iussu
1218 2408 1308 2492 regio
1323 2405 1408 2472 bello

288 2495 402 2570 treuge
424 2485 610 2550 succedunt.

373 2568 451 2634 Otto
484 2568 654 2634 cardinalis
687 2590 706 2632 a
735 2570 838 2634 Dacie
876 2571 1021 2657 partibus
1052 2572 1238 2639 Coloniamf
1264 2576 1407 2657 veniens,

288 2652 410 2718 ibidem
438 2653 578 2718 natalem
605 2653 738 2718 Domini
766 2652 922 2736 celebrat,
954 2654 1063 2721 sellem
1088 2659 1171 2722 niter
1198 2668 1345 2744 receptus
1375 2668 1408 2725 et

287 2737 470 2802 honoratus.
512 2737 592 2801 Inde
613 2736 775 2820 recedens,
805 2760 824 2801 a
849 2739 893 2804 ud
915 2680 1117 2826 Herbipoiim
1140 2741 1312 2807 concilium
1333 2764 1406 2828 pro-

286 2820 423 2886 vinciale
445 2820 572 2903 indicit;
595 2821 652 2886 sed
672 2761 882 2888 renitentibus
903 2825 1105 2922 principibus
1125 2825 1217 2890 laicis
1239 2835 1272 2890 et
1291 2829 1405 2913 paucis

286 2903 494 2970 ecelesiarum
516 2903 645 2991 prelatis
667 2906 879 2988 venientibus,
902 2918 1002 2973 rratus
1022 2911 1162 2975 recessit.

370 2989 496 3054 Eodem
511 3011 594 3053 anno
610 2991 786 3075 imperator
801 2994 821 3055 a
834 3014 920 3078 papa
934 2992 1119 3077 absolvitur,
1142 2992 1302 3059 mediante
1324 2993 1405 3060 duce

285 3073 416 3138 Austrie
437 3072 595 3160 Lupoldo,
613 3075 683 3222 sgui,
705 3084 843 3140 tractatu
864 3078 953 3162 pacis
974 3088 1105 3163 peracto
1127 3079 1210 3142 inter
1232 3099 1351 3163 papam
1374 3089 1407 3144 et

285 3157 519 3242 imperatorem,
546 3179 611 3245 apn
657 3158 811 3224 Sanctum
834 3161 1032 3226 Germanum
1053 3163 1087 3224 in
1110 3161 1289 3248 Campania
1310 3164 1405 3228 mori·

286 3250 353 3324 tur;
384 3242 475 3306 cuius
497 3243 623 3308 viscera
649 3251 681 3306 et
710 3265 821 3308 carnes
849 3245 906 3308 ins
935 3244 1075 3330 capitulo
1105 3247 1215 3311 Sancti
1237 3246 1405 3312 Benedicti

284 3327 401 3390 montis
413 3325 615 3392 Cassinensis
629 3327 834 3410 tumulantur,
858 3329 983 3395 ossibus
995 3329 1029 3392 in
1040 3330 1204 3394 Austriam
1221 3333 1403 3416 reportatis.

664 3410 758 3476 Anno
780 3411 914 3477 Domini
937 3413 1028 3478 1231.

368 3495 557 3580 Imperator,
579 3494 664 3559 facta
685 3516 765 3580 paee
788 3517 859 3559 cum
881 3517 977 3582 papa,
999 3497 1067 3562 adh
1089 3497 1224 3562 eandem
1245 3501 1403 3563 mensami

285 3581 473 3644 convivatur
493 3581 527 3643 in
549 3579 678 3644 civitate
699 3601 784 3667 pape
800 3601 862 3666 que
878 3581 1026 3666 Anagnia
1046 3581 1174 3664 dicitur,
1196 3583 1230 3647 in
1252 3583 1404 3649 cenaculo

359 3757 387 3826 *)
408 3759 501 3811 Sancti
520 3761 714 3812 Penthaleonis
734 3762 797 3813 add.
819 3759 871 3814 01.
891 3764 916 3814 2.

340 3831 386 3897 **)
408 3832 596 3897 coloniensem
616 3834 681 3886 add.
703 3832 754 3886 Ol.
772 3835 797 3886 2.

285 4029 595 4086 a)Ysp.01;Hysp.oa.
687 4034 838 4087 buram.
930 4035 1114 4089 c)Syb.Ol.2.
1204 4039 1405 4093 etiannum·

285 4089 419 4140 scireburne
434 4092 479 4132 01.
509 4090 755 4144 e)screcorr.Bl.
800 4095 854 4148 ov.
872 4096 1011 4138 001.01.a.
1044 4097 1068 4149 ς)
1085 4099 1160 4139 eciam
1176 4100 1218 4140 01.
1229 4100 1248 4140 t.
1279 4098 1402 4152 h)et02.

285 4148 304 4200 i)
321 4159 499 4192 mensurnam.
516 4161 620 4194 mensem
637 4153 679 4194 02.
735 4187 737 4191 .

288 4289 470 4382 ltdlsonaus.
552 4306 588 4387 ¹2)
607 4321 798 4376 Fordincndus
818 4323 876 4375 III.
971 4324 1001 4389 3)
1020 4325 1137 4379 Matala.
1228 4328 1257 4392 4)
1277 4326 1446 4380 Iacobus.
1513 4351 1517 4359 ·

286 4389 316 4456 5)
335 4389 499 4445 Heinricum.
576 4393 604 4460 6)
624 4394 792 4464 Sieydurq„
840 4397 868 4463 7)
887 4397 1033 4466 Banabarq.
1106 4399 1137 4466 8)
1158 4399 1278 4467 Zdlpicd.

1508 4259 1518 4341 t
