3126 4976
344 390 531 446 ouaonrca
550 391 661 444 asora
682 391 925 447 conorrnnsrs
944 393 976 447 a,
998 391 1077 443 rias.
1113 363 1118 374 '
1220 391 1271 440 111

520 565 686 618 Receneio
704 565 729 617 Ι.
750 565 844 620 codd.
864 564 898 619 A.

152 645 351 702 excuteramur;
370 645 411 690 set
429 638 510 690 arbor
530 639 635 691 deflexa
653 656 704 691 nec
725 640 825 692 cecidit
849 655 899 690 nec
925 640 1084 704 reascendit,
1112 640 1198 693 donec
1223 643 1271 692 im·
1282 643 1322 692 Ea·
1332 639 1413 682 Barea.

151 719 259 781 perator
278 711 417 762 fimbrias⁸
436 709 528 763 vexilli
549 713 662 779 collegit
683 728 841 779 currumque
860 714 1039 765 reascendere
1058 714 1125 765 iecit
1151 721 1177 767 et
1200 721 1271 768 stare

151 786 333 851 subiugatum.
371 787 447 836 Tunc
466 785 565 838 milites
585 793 612 838 et
631 786 744 854 populus
770 787 930 838 unanimiter
952 789 979 837 in
1004 788 1088 838 iacies
1112 803 1174 839 suas
1201 790 1271 840 ceci-

153 860 249 914 derunt
267 859 403 926 plorantes
424 865 451 910 et
469 859 681 912 misericordiam
700 862 867 911 invocantes.
906 862 971 913 Post
990 861 1059 912 baec
1079 861 1195 927 quodam
1209 878 1271 914 con·

153 933 211 985 sule
237 933 427 984 miserabiliter
456 941 607 1000 perorante,
639 933 715 984 finita
741 935 871 1002 oratione,
904 936 989 986 omnis
1015 934 1157 985 multitudo
1182 951 1272 988 rursus

153 1007 278 1075 procidit,
300 1012 326 1057 et
346 1021 440 1057 cruces
460 1023 526 1072 quas
546 1007 657 1059 tenebat
677 1008 832 1070 extendens,
853 1023 912 1058 cum
933 1008 1036 1059 eiulatu
1054 1023 1152 1073 magno
1172 1011 1199 1059 in
1219 1011 1272 1060 vir-

153 1086 210 1133 tute
232 1080 319 1131 crucia
338 1080 550 1131 misericordiam
571 1083 716 1134 invocavit.
761 1081 840 1132 Unde
864 1082 1038 1132 vehementer
1061 1083 1125 1134 moti
1150 1088 1212 1133 aunt
1236 1082 1272 1133 ad

152 1154 279 1206 lacrimas
293 1156 455 1220 quicumque
469 1155 620 1218 audierunt,
634 1159 677 1206 set
690 1156 858 1220 imperatoris
876 1154 961 1205 iacies
975 1171 1028 1205 non
1043 1160 1083 1206 est
1101 1148 1272 1208 immutatal.

153 1229 243 1279 Tertio
264 1243 354 1278 comes
374 1227 577 1280 Blaudratensis
597 1244 643 1295 pro
663 1227 718 1279 illis
738 1228 801 1293 clipr
816 1229 909 1279 amicis
924 1230 980 1280 suis
994 1227 1271 1296 miserabiliterpero·

154 1318 224 1365 raus,
244 1302 298 1352 vim
317 1301 383 1352 iecit
402 1302 534 1365 omuibus,
550 1303 713 1368 ntpossint0
727 1301 871 1362 lacrimari,
885 1303 984 1367 etipse
1001 1317 1107 1352 crucem
1121 1303 1272 1368 preferente

155 1381 182 1427 et
207 1380 264 1425 tota
290 1375 460 1426 multitudine
486 1376 550 1426 item
578 1391 637 1426 cum
663 1377 722 1442 ipso
748 1375 905 1442 suppliciter
929 1377 1097 1440 procidente,
1128 1382 1169 1425 set
1200 1376 1272 1427 solus

110 1455 116 1464 '
154 1443 320 1515 imperator(¹
340 1449 439 1499 faciem
459 1465 534 1500 snam
554 1448 669 1500 firmavit
693 1453 723 1499 ut
748 1453 861 1515 petram.
907 1449 1014 1499 Deinde
1040 1450 1074 1499 ab
1102 1450 1272 1516 episeopo

156 1522 311 1574 Coloniensi
330 1521 403 1572 facta
417 1527 458 1573 eat
474 1522 617 1574 deditionis
632 1537 722 1572 eorum
736 1537 803 1588 pura
818 1522 962 1585 distinctio,
976 1529 1003 1572 ct
1019 1523 1053 1572 ab
1066 1523 1132 1588 ipsis
1145 1537 1274 1589 responsa

155 1601 196 1647 eat
215 1611 289 1646 mera
309 1597 451 1648 confessio.
489 1597 571 1648 Porro
590 1597 735 1663 imperator
753 1595 956 1662 implorantibus
968 1595 1022 1646 illis
1035 1595 1174 1660 respoudit
1191 1611 1273 1662 quae-

155 1684 268 1734 cumque
283 1685 342 1720 eum
357 1668 519 1733 deonerare,
534 1675 561 1721 et
573 1675 702 1736 oportuno
716 1673 836 1734 ternpore
851 1662 1080 1720 misericordiamf
1097 1684 1126 1719 se
1139 1669 1272 1720 facturum

155 1759 188 1794 ex
209 1742 321 1794 consilio
340 1745 470 1810 promisit,
491 1748 517 1793 et
536 1745 576 1794 sic
597 1743 732 1794 dimittens
745 1744 892 1805 universos,
906 1743 1030 1809 sequenti
1046 1742 1089 1792 die
1102 1743 1165 1793 item
1180 1759 1273 1794 omnes

155 1818 303 1883 presentari
322 1817 395 1867 fecit.
434 1816 478 1868 Illi
497 1823 586 1868 autem
607 1833 654 1882 spe
673 1816 875 1866 misericordiae
896 1831 997 1875 cruces,
1018 1831 1085 1881 qnae
1099 1817 1227 1867 tenebant
1245 1817 1273 1866 in

156 1890 287 1952 manibus,
306 1906 354 1956 per
373 1891 509 1944 caucellos
528 1892 555 1940 in
577 1890 738 1940 caminatam
751 1890 928 1955 imperatricis
942 1888 1118 1953 proiciebant,
1134 1905 1193 1940 cum
1210 1895 1273 1941 ante

157 1969 330 2030 conspectum
352 1966 409 2015 eius
428 1966 563 2015 introitum
590 1979 643 2014 uon
668 1964 805 2014 baberent.
850 1961 909 2014 Illis
934 1964 1016 2027 igitur
1039 1962 1124 2013 altera
1149 1962 1192 2014 die
1213 1979 1272 2030 pre·

157 2038 269 2088 scutatis
290 2042 317 2088 et
334 2037 508 2104 plorantibus,
528 2036 666 2103 respoudit
684 2038 836 2104 imperator,
857 2052 886 2088 se
905 2035 976 2086 velle
996 2036 1087 2086 facere
1111 2036 1272 2104 principium

156 2111 357 2162 misericordiae
377 2117 404 2162 et
419 2113 577 2178 principium
596 2109 700 2173 iudicii,
720 2109 848 2176 dixitque,
868 2111 891 2160 si
908 2110 1032 2160 iusticias
1052 2109 1183 2159 iudiciist
1201 2114 1274 2161 esset

157 2184 301 2249 agendum,
321 2201 413 2236 omnes
434 2201 479 2237 ene
499 2187 555 2236 vita
575 2184 675 2235 debere
691 2185 800 2250 privari,
819 2188 861 2235 set
879 2198 950 2233 nunc
970 2181 1170 2233 misericordiae
1183 2182 1272 2233 locum

159 2257 218 2308 dari
238 2262 368 2323 oportere.
406 2258 452 2309 Illi
471 2275 534 2310 vero
554 2258 606 2308 boc
625 2273 716 2308 verum
744 2273 802 2308 esse
828 2273 859 2307 ex
879 2255 985 2322 legibus
1004 2255 1181 2318 affirmabant,
1200 2255 1272 2307 istud

156 2337 282 2397 respectu
297 2330 403 2382 divinae
423 2333 601 2383 miserationis
621 2330 678 2382 fieri
692 2331 829 2398 optabant.
871 2331 953 2381 lussit
970 2330 1053 2394 igitur
1067 2323 1265 2395 [dominush]
1325 2383 1328 2390 ,

155 2406 301 2470 imperator
321 2422 413 2457 omnes
434 2406 557 2457 consules
578 2412 604 2456 et
624 2405 821 2465 exconsulem,
845 2405 959 2454 maiores
984 2407 1010 2453 et
1029 2403 1136 2466 milites,
1160 2402 1272 2468 legistas

156 2484 183 2530 et
202 2477 306 2528 iudices
326 2480 353 2528 in
373 2478 498 2530 obsidatu
516 2480 611 2540 teneri,
630 2478 757 2546 populum
776 2495 840 2529 vero
853 2483 990 2544 tamqnam
1004 2477 1091 2527 minus
1109 2475 1271 2542 culpabilem

155 2555 258 2602 tantum
278 2557 446 2604 sacramento
466 2553 591 2604 affectum
610 2553 638 2602 in
658 2553 793 2602 civitatem
813 2552 921 2602 remitti.
959 2550 1066 2600 Deinde
1087 2552 1174 2600 missis
1188 2551 1272 2615 magi·

156 2625 283 2677 stratibus
302 2626 330 2674 in
351 2627 496 2690 civitatem,
515 2627 601 2686 iussit,
621 2626 655 2676 ab
676 2626 798 2676 omnibus
812 2627 858 2691 qui
873 2623 1028 2675 duodennes
1042 2627 1133 2674 essent
1145 2620 1189 2674 vel
1202 2622 1273 2673 ultra

157 2703 327 2750 sacramenta
352 2701 480 2765 prestari;
506 2701 578 2766 quod
609 2705 635 2750 et
660 2699 760 2750 iactum
781 2705 830 2749 est.
868 2699 959 2749 :lussit
979 2702 1005 2747 et
1025 2695 1144 2761 singulas
1163 2691 1269 2762 portasi

158 2765 274 2823 civitatis
295 2778 322 2823 et
342 2775 513 2840 circaportas
526 2773 655 2824 fossatum
677 2779 705 2824 et
717 2768 829 2824 marcel
849 2771 1025 2838 complanari,
1044 2775 1074 2820 nt
1097 2770 1132 2820 ad
1151 2770 1272 2836 singulas

156 2850 247 2912 portas
272 2847 387 2912 singulis
414 2847 524 2898 aciebus
552 2847 609 2897 lata
633 2847 719 2898 fronte
738 2845 870 2912 -equabili
896 2859 990 2910 gressu
1015 2849 1107 2910 pateat
1131 2845 1272 2906 introitus;

155 2915 326 2985 factumque¹
347 2926 388 2970 est
399 2923 448 2972 ita.
487 2920 602 2972 Etcum
624 2919 657 2970 de
678 2920 780 2970 duobus
796 2919 903 2969 milibus
918 2923 1063 2969 castrorum
1083 2922 1185 2968 tantum
1207 2933 1272 2983 qua·

155 2996 215 3042 tuor
228 2990 293 3058 ipsis'
306 2994 507 3059 superfuissent,
528 2991 622 3042 eadem
638 2994 731 3044 iussim
750 2995 961 3058 resignaverunt,
982 2996 1008 3041 et
1021 2991 1072 3041 hoc
1086 2990 1120 3040 ad
1134 2989 1272 3042 iudicium.

155 3065 221 3116 ltan
247 3065 531 3132 domnusimperator,
552 3081 610 3116 cum
625 3064 807 3116 Mediolanum
828 3066 944 3128 vicisset,
959 3081 975 3115 a
988 3065 1172 3115 misericordia
1185 3065 1272 3114 victus

157 3143 206 3201 est,
235 3145 262 3190 et
281 3144 334 3189 ne⁰
355 3141 540 3190 commuuione
560 3139 767 3206 proscriptorum
790 3143 950 3204 peccaretur
974 3143 1001 3189 et
1024 3142 1053 3188 ut
1072 3136 1273 3188 misericordiae

134 3225 138 3234 ·
155 3211 333 3273 satisfaceret,
347 3229 474 3280 personas
487 3211 728 3262 Mediolanensium
742 3227 758 3260 a
773 3211 861 3262 banno
872 3211 1005 3276 imperiali
1021 3209 1145 3261 absolvit.
1165 3209 1273 3260 Deinde

155 3287 224 3336 muri
244 3287 360 3338 civitatis
381 3293 408 3337 et
425 3286 527 3336 fossata
546 3292 573 3336 et
591 3291 676 3336 turrea
695 3284 824 3350 paulatim
845 3284 996 3335 destructae
1016 3288 1085 3345 sunt,
1106 3286 1191 3333 etsie
1217 3288 1274 3334 tota

156 3359 251 3410 civitas
265 3359 298 3411 de
314 3360 358 3410 die
371 3362 398 3410 in
413 3359 483 3409 diem
496 3360 583 3424 magia
599 3375 633 3410 ac
646 3359 732 3423 magis
744 3360 772 3408 in
788 3359 891 3408 ruinam
905 3363 932 3407 et
945 3354 1136 3408 desolationem
1152 3355 1274 3407 detracta

156 3443 206 3490 est.
229 3426 523 3491 Mediolanensibus
534 3436 641 3491 autem
656 3435 845 3512 preceptum
858 3434 915 3505 est,
926 3431 968 3487 ut
977 3421 1112 3510 quilibet
1125 3422 1167 3485 ad
1181 3420 1273 3485 villas

156 3518 189 3573 et
205 3508 317 3574 domos
341 3533 415 3574 suas
436 3519 658 3593 reverteretur,
682 3518 714 3575 et
727 3518 764 3573 ut
777 3507 801 3572 a¹
821 3506 939 3572 riculae
955 3527 1106 3592 agrorum
1129 3503 1274 3570 culturae

155 3592 268 3658 darent
283 3616 422 3681 operam.
467 3595 506 3658 In
521 3595 651 3660 civitate
665 3615 740 3660 vero
755 3531 835 3657 nudli
849 3592 1094 3677 permittebatur
1107 3588 1273 3654 habitatio.

239 3678 419 3764 Imperator
439 3691 538 3744 verol
568 3681 601 3742 in
627 3678 749 3766 pascha
776 3677 911 3741 Domini
938 3675 1058 3760 Papiae
1080 3682 1269 3739 coronatus¹
1283 3682 1337 3734 Arr·
1354 3683 1376 3725 ⁸·

493 3805 660 3858 Benenato
681 3805 721 3858 ΙΙ.
741 3805 833 3858 codd.
852 3804 887 3856 B.
909 3801 936 3856 0.

103 3907 106 3914 -
154 3879 366 3930 iuberentur.
416 3881 499 3933 Iussit
515 3881 597 3946 igitur
610 3883 756 3946 imperator
776 3895 866 3931 omues
887 3876 1010 3928 consules
1030 3883 1058 3928 et
1077 3874 1274 3939 exconsulares,

156 3952 279 4014 maiores,
308 3954 414 4015 milites,
440 3954 551 4021 legistas
572 3961 599 4005 et
622 3954 726 4004 iudices
748 3955 776 4002 in
795 3951 925 4004 obsidatu
944 3951 1039 4014 teneri,
1062 3949 1190 4017 populum
1209 3954 1285 4000 vero'

155 4030 291 4090 umquam
304 4027 390 4079 minus
403 4044 477 4078 reum
494 4033 663 4080 sacramento
678 4027 851 4078 constrictum
866 4027 894 4086 in
909 4025 1045 4076 civitatem
1058 4023 1165 4083 remitti,
1186 4037 1273 4074 muros

156 4104 271 4155 civitatis
302 4122 376 4156 cum
406 4109 566 4158 turribus
597 4107 757 4157 funditus
786 4105 935 4167 destrui,
968 4103 1098 4154 fossatum
1124 4102 1271 4166 impleri.

229 4185 392 4256 Imperator
414 4187 525 4258 pascha
546 4186 655 4259 Papiae
685 4184 842 4262 magnifice
871 4183 1011 4262 celebrat.
1062 4186 1186 4240 Secunda
1207 4185 1274 4236 scria

156 4275 429 4352 a)tlmbr1aurAl.B1.¹
456 4305 641 4358 b)lmmutaA1.
673 4305 852 4356 c)possentA2.
883 4299 1027 4353 dldeaetAl.
1059 4298 1272 4352 e)decebatAt.2.

155 4357 303 4410 ildcaatBi.
336 4363 515 4416 predicunt.
552 4363 704 4415 b)deeatA1.
724 4364 857 4416 BLEpr'et.
889 4362 1047 4414 nepai.
1078 4358 1274 4410 klmnrumpla·

155 4419 207 4458 uari
223 4420 272 4460 131.
316 4421 531 4474 liqnadeeatBI.
577 4421 756 4475 mliussaBl.
797 4421 822 4473 n)
838 4423 897 4464 item
913 4421 961 4465 Aa.
1006 4418 1101 4470 olm
1116 4417 1163 4457 Μ’
1206 4417 1273 4466 p)ln

154 4487 178 4528 a·
195 4478 244 4520 Aa.
811 4481 838 4548 1)
857 4479 876 4532 i.
893 4496 915 4533 a.
929 4497 987 4532 cum
1006 4493 1103 4530 corono
1116 4475 1273 4542 procederae.
