2988 5058
267 394 418 446 GOSVINI
438 395 487 444 DE
508 395 664 449 EXPUGN.
685 396 865 450 SALAOIAE
887 397 1046 452 OARMEN.
1164 401 1220 452 353

183 560 248 641 Qui
271 561 349 645 celo,
373 563 428 647 qui
450 563 543 648 signa
564 563 631 628 solo
655 564 797 648 dederat,
820 565 916 630 modo
938 565 1055 634 fluctus

243 645 375 726 Turbat,
399 656 430 711 et
451 646 582 712 hostiles
604 649 653 712 his
675 651 800 734 periere
823 660 916 719 rates.

182 765 347 836 obsessos
370 769 486 831 iterum
508 769 664 852 petimus;
687 769 745 834 sed
766 770 890 835 viribus
912 771 945 834 in
966 794 1025 835 nos

245 850 333 915 Saxa
355 851 526 938 trabesque
548 862 655 917 rotant
676 853 814 940 desuper
835 865 931 940 atque
952 877 1077 941 rogum.

89 949 149 998 175
182 934 345 1015 Ledimur,
368 957 385 999 0
407 957 499 1000 muro
522 935 727 1020 discedimus,
751 941 876 1002 eminus
898 960 975 1004 arcu

243 1018 436 1083 Infestamus
458 1042 530 1102 eos,
555 1023 710 1106 sanguine
733 1021 795 1085 tela
817 1023 956 1088 madent.

181 1101 341 1167 lmbuitur
362 1103 475 1189 populi
498 1103 589 1169 tellus
612 1106 779 1190 utriusque
801 1127 923 1188 cruore,

243 1188 347 1274 Inque
369 1188 474 1251 vicem
498 1189 639 1254 bibimus
661 1189 779 1275 pocula
801 1189 871 1253 dira
893 1190 992 1255 necis.

179 1308 244 1380 §ic
268 1307 311 1371 nil
332 1309 532 1394 proficimus3
555 1332 607 1373 ars
628 1311 751 1374 viribus
773 1309 910 1393 additur,
933 1331 1009 1396 ergo

91 1407 149 1456 180
245 1393 312 1456 Sub
335 1403 435 1457 terras
458 1393 607 1474 fodimus,
629 1416 739 1457 murus
761 1404 798 1458 ut
818 1395 888 1479 ipse
909 1404 991 1458 ruat.

181 1474 272 1540 Clam
294 1475 450 1559 fodimus,
473 1489 584 1542 contra
604 1476 685 1548 fodit
706 1477 818 1558 hostis,
839 1479 950 1544 nititur
971 1480 1051 1564 ipse,

243 1560 289 1625 Ut
310 1569 418 1626 noster
439 1573 568 1626 maneat
588 1563 696 1626 irritus
718 1563 779 1627 istc
800 1560 901 1626 labor.

179 1643 264 1707 Rixa
285 1643 322 1709 fit
342 1647 375 1709 in
398 1645 491 1709 lovea
512 1646 596 1708 ferro
618 1644 772 1731 fumoque
794 1668 873 1730 rogo
898 1668 954 1728 ue,

242 1727 307 1791 Hic
329 1729 424 1792 etiem
447 1730 578 1813 sanguis
600 1729 689 1792 fusus
711 1730 860 1814 utrinque
876 1668 963 1794 buit.

97 1861 152 1910 185
184 1846 283 1917 Unde
306 1845 385 1910 duas
407 1856 510 1911 turres
534 1849 628 1911 castri
651 1871 744 1934 mage
765 1849 908 1914 turribus
929 1849 1009 1915 altas

243 1931 396 1995 Ponimus
419 1953 438 1993 a
459 1933 558 1995 muris
580 1953 644 1996 non
666 1931 788 2016 procul,
811 1934 909 1997 immo
933 1956 1044 2020 prope.

181 2015 325 2100 Utraque
347 2014 454 2100 lignea
474 2015 518 2097 fit,
541 2017 575 2078 in
598 2026 739 2080 castrum
761 2015 907 2102 despicit,
929 2019 1052 2083 hostem

242 2100 306 2164 Res
331 2100 396 2180 icit,
419 2109 455 2162 ut
476 2121 603 2185 semper
624 2101 791 2164 insidietur
814 2101 853 2180 ei,

179 2184 218 2247 In
240 2123 354 2248 mediis
378 2183 489 2247 castris
512 2193 548 2247 ut
569 2183 693 2269 spicula
715 2184 832 2269 dirigat
853 2205 941 2265 arcu,

95 2283 149 2331 100
241 2267 287 2333 Ut
308 2268 354 2332 sic
376 2276 553 2332 castrenses
576 2290 662 2333 mors
684 2269 816 2354 inopina
836 2277 933 2354 petat.

180 2387 264 2452 {nde
286 2387 351 2451 duo
374 2389 457 2452 muri
479 2389 616 2452 facimus
638 2398 813 2472 tormenta;
836 2390 983 2454 timorem

241 2471 313 2536 Hec
335 2473 418 2536 sicut
440 2483 541 2537 turres
564 2473 710 2538 hostibus
731 2473 900 2538 incutiunt.

179 2555 381 2642 Colloquium
404 2558 484 2642 petit
505 2557 616 2638 hostis,
642 2557 741 2640 heret,
769 2559 869 2622 timet.
913 2555 1053 2621 Alkaser
1073 2580 1149 2646 ergo

240 2640 392 2722 Deditur3
416 2663 456 2704 en
477 2643 593 2705 nostris
615 2641 718 2707 hostia
741 2663 867 2727 queque
889 2651 1009 2726 patent.

97 2737 149 2786 195
176 2723 344 2808 Quotquot
364 2735 454 2790 erant
475 2725 581 2789 hostes
604 2736 635 2790 01
657 2748 769 2791 eorum
790 2748 841 2790 res
862 2726 1037 2874 peregrinis
1133 2755 1135 2759 ·

247 2805 389 2890 Cedunt3
411 2829 485 2892 pars
507 2809 582 2873 inde
605 2809 736 2875 cuilibet
758 2832 841 2896 equa
885 2821 967 2875 atur.

177 2927 284 2998 Novit
307 2926 515 2991 Ulixboniam
536 2926 594 2991 lux
615 2930 715 2993 tercia
736 2937 810 3014 post
832 2951 924 2995 sacra
946 2931 1032 2996 Luce
1226 2964 1315 3006 oen,

240 3011 338 3075 Festa
360 3011 433 3075 lesu
454 3011 574 3075 Christi
596 3009 733 3076 subdere
755 3011 837 3077 colla
858 3015 891 3076 iu
916 3036 944 3078 0.

178 3096 256 3160 Post
277 3115 378 3159 annos
400 3104 522 3180 septem
545 3095 652 3160 decies
675 3095 832 3180 binosque
854 3035 914 3162 sub
935 3097 1007 3182 ipsa

99 3193 149 3243 200
238 3179 327 3243 Luce
349 3178 444 3243 datur
465 3177 558 3243 nobis
581 3179 722 3260 Alcaser,
745 3180 843 3242 immo
867 3179 948 3258 Deo.

177 3265 257 3328 Post
278 3263 420 3328 triduum
442 3265 539 3327 castri
560 3263 627 3327 dux
649 3264 783 3348 tingitur
804 3284 897 3327 amne
920 3263 1054 3346 lavacri3

240 3347 397 3412 Militibus
421 3346 530 3413 Gladii
551 3356 700 3434 terraque
721 3368 839 3434 rusque
862 3347 965 3412 datur.

177 3473 284 3550 Unus,
306 3479 338 3533 et
358 3468 419 3532 hoc
441 3469 547 3554 ipsum
571 3477 618 3532 est
639 3468 757 3534 iniuria
779 3489 906 3552 magna,
929 3470 1082 3534 remansit

241 3550 381 3618 Alkaser
402 3553 564 3633 immunis,
587 3562 619 3616 et
640 3550 738 3614 nichil
759 3551 834 3616 inde
857 3549 938 3618 tulit.

100 3649 150 3699 205
177 3637 331 3700 Primitus
353 3635 406 3701 hic
428 3637 546 3701 etenim
569 3637 755 3722 peregrinos
777 3637 886 3717 movit,
909 3644 946 3699 ut
966 3635 1050 3700 irent

241 3719 390 3803 Alkaser,
412 3720 461 3785 his
484 3729 516 3784 et
537 3741 614 3805 opes
637 3721 689 3784 hic
712 3719 800 3784 dedit
821 3728 918 3805 atque
939 3720 1036 3787 viros.

178 3803 222 3868 Et
242 3806 326 3869 vires
349 3814 381 3870 et
402 3826 478 3890 opes
500 3805 644 3891 proprias
666 3803 719 3868 hic
740 3806 774 3867 in
797 3803 964 3869 obsidione

243 3887 348 3954 Castri
371 3889 571 3972 consumpsit
592 3887 677 3952 illius
699 3898 795 3974 atque
817 3891 914 3952 viros.

178 3971 243 4035 Hic
265 3972 401 4037 ducibus
422 3973 540 4037 nostris
562 3995 621 4036 sua
643 3972 864 4059 concessitque
886 3970 1049 4058 deditque,

103 4069 152 4119 110
243 4055 304 4122 Oui
326 4056 416 4122 velut
437 4057 555 4142 ingrati
577 4055 699 4121 solvere
721 4067 835 4121 neutra
857 4054 978 4120 volunt.

178 4139 324 4226 Insuper,
347 4149 383 4204 ut
403 4151 544 4206 castrum
566 4150 697 4226 captum
719 4139 779 4206 fuit
800 4139 994 4226 auxiliisque

242 4223 458 4312 Consiliisque
480 4226 555 4307 suis,
576 4224 651 4290 huic
674 4247 732 4289 sua
752 4226 823 4290 iura
844 4234 973 4310 negant.

945 4361 987 4427 23
