3098 4982
277 350 332 400 ast
370 347 558 401 CHRONICA
570 346 681 398 sauls
696 345 947 398 COLONIENSIS.
968 344 1071 396 CONT.
1081 344 1129 396 IV.
1148 343 1182 395 A.
1194 343 1272 398 1232.
1285 345 1365 398 1233.

278 518 386 583 multis
405 514 567 581 nobilibus
584 515 780 597 Teutonicis,
800 513 932 578 festivas
954 511 1065 599 epulas
1086 521 1190 598 parat.
1274 513 1397 578 Messa-

279 624 393 668 nenses
408 610 519 666 contra
539 601 765 686 imperatorem
780 595 986 662 rebellionem
1000 597 1151 662 excitant.
1235 597 1396 663 Iohannes

279 686 319 751 de
335 687 443 750 Berito
464 685 650 772 imperatori
669 685 704 747 in
725 693 811 748 terra
827 681 1037 746 transmarina
1051 703 1131 767 repu
1177 692 1224 764 at,
1248 683 1303 768 qui
1317 682 1396 746 dum

279 773 408 834 incaute
429 791 464 834 sc
485 769 578 855 gerit,
599 778 698 833 noctu
719 767 962 853 superveniente
976 787 1075 829 manu
1089 767 1132 830 m'
1147 767 1230 848 itari,
1252 788 1266 830 s
1291 764 1397 830 oliatis

280 852 440 934 omnibus,
462 874 536 917 cum
556 853 736 939 paucisvix
757 850 874 917 evadit.
916 849 989 914 Non
1011 848 1112 915 multo
1133 861 1207 936 post
1226 789 1397 933 Iobannes,

279 946 469 1024 recuperata
490 959 589 1001 manu
609 935 726 1016 valida,
756 933 891 1021 inrum
918 943 1056 1020 occupat
1085 944 1116 1000 et
1141 957 1251 1020 regem
1273 933 1396 1084 inlri1,

278 1022 381 1087 filium
418 1022 535 1086 rororis
572 1043 646 1102 sue,
689 1020 751 1086 sibi
785 1019 932 1084 associat.
989 1019 1128 1084 Mittitur
1165 1029 1275 1084 contra
1306 1019 1397 1082 ium

279 1105 457 1171 Richardus
472 1104 709 1169 marschalchus
730 1102 920 1190 imperialis,
944 1102 1000 1189 qui
1015 1125 1206 1189 congressus
1228 1125 1302 1168 cum
1323 1105 1397 1190 ipso

279 1191 427 1269 vincitur,
450 1187 558 1253 multis
579 1187 736 1254 militibus
757 1188 798 1252 de
820 1188 964 1252 exercitu
984 1185 1143 1274 imperiali
1163 1189 1275 1274 captis.

363 1275 403 1338 ln
424 1273 582 1338 Teutonis
601 1272 700 1337 multe
720 1271 848 1337 hereses
870 1271 1073 1357 deteguntur,
1102 1281 1134 1336 et
1154 1271 1286 1336 heretici
1306 1270 1396 1336 flam·

279 1359 341 1423 mis
373 1358 558 1444 puniuntur.
607 1356 897 1443 archiepiscopus*¹
919 1354 1120 1422 Coloniensis
1142 1357 1278 1420 Romam
1299 1355 1396 1442 profi-

278 1442 425 1524 ciscitur,
457 1451 570 1527 petens
601 1441 746 1506 revocari
777 1442 809 1504 in
833 1441 1015 1504 uisitionem
1048 1450 1157 1504 contra
1189 1463 1224 1505 se
1254 1441 1396 1504 missam.

281 1527 355 1608 Qua
376 1547 540 1624 suspensa,
567 1535 640 1611 post
665 1545 786 1611 paucos
811 1462 883 1588 lies
910 1524 1099 1610 regreditur,
1129 1535 1160 1589 et
1188 1524 1397 1610 postmodum

168 1613 171 1617 ’
281 1608 341 1674 bec
358 1617 490 1695 qurevrt.
576 1609 652 1695 Ipso
667 1631 752 1674 anno
767 1607 885 1673 bellum
901 1609 1001 1672 oritur
1021 1609 1105 1673 inter
1117 1608 1397 1695 archiepiscopum

280 1695 526 1779 Maguntinum¹
555 1704 587 1757 et
614 1692 848 1778 lantgravium³
881 1692 1044 1778 Turingie.
1103 1691 1247 1779 Opidum
1275 1693 1398 1758 dictum

280 1777 499 1852 tristarer-⁴
513 1798 533 1840 a
546 1775 725 1864 lantgravio
741 1787 976 1858 concrematur,
997 1776 1053 1841 ubi
1068 1779 1240 1863 episcopus
1250 1779 1399 1842 Worma-

283 1863 418 1927 ciensis⁵
446 1872 478 1927 et
504 1884 614 1927 omnes
648 1862 792 1927 canonici
824 1859 907 1925 illius
941 1860 1052 1948 oppidi
1086 1883 1160 1925 cum
1189 1861 1296 1926 multis
1327 1860 1401 1926 aliis

281 1944 443 2012 nobilibus
466 1946 642 2031 capiuntur.
727 1945 867 2032 Eclipsis
889 1943 964 2010 solis
986 1945 1188 2031 particularis
1210 1955 1284 2031 post
1305 1947 1400 2009 meri-

282 2029 368 2095 diem
389 2031 459 2094 visa
480 2040 549 2094 est⁰
572 2028 685 2095 eodem
707 2041 821 2112 anno⁰,
843 2051 908 2094 non
930 2038 1037 2095 tamen
1058 2028 1193 2094 multum
1214 2028 1365 2096 notabilis
1375 2041 1400 2094 ⁰.

366 2113 566 2179 Coloniensis
587 2113 869 2200 archiepiscopusd
890 2114 924 2177 in
938 2112 1160 2179 Westfaliame
1181 2135 1255 2178 cum
1277 2113 1401 2178 milicia

281 2199 404 2282 transit,
433 2207 465 2262 et
485 2197 629 2263 hostibus
652 2199 685 2260 in
707 2196 902 2262 deditionem
923 2198 1071 2285 receptis,
1101 2198 1273 2284 prosperef
1293 2220 1401 2263 rever-

281 2283 367 2347 titur.
411 2281 538 2363 Quibus
566 2281 711 2346 hostibus
733 2304 807 2345 cum
829 2280 1054 2347 Waleramuss
1076 2281 1116 2346 de
1137 2282 1295 2367 Limburg
1323 2304 1401 2346 cum·

283 2367 348 2430 suis
369 2364 546 2432 fautoribus
569 2367 602 2429 in
625 2386 809 2430 succursum
832 2366 981 2448 venisset,
1003 2364 1043 2430 ab
1066 2367 1218 2452 episcopo
1239 2366 1400 2432 Monaste-

281 2450 381 2516 riensi
389 2463 411 2532 ⁷,
443 2450 522 2537 perh
545 2452 634 2514 cuius
657 2449 809 2514 diocesim
838 2450 974 2515 transire
1003 2450 1191 2532 intenderat,
1224 2450 1403 2515 retruditur

282 2544 315 2614 et
335 2533 439 2600 redire
462 2533 670 2620 compellitur.

652 2624 746 2690 Anno
768 2625 903 2690 Domini
926 2628 1017 2692 1233.

365 2712 545 2796 Imperator
564 2710 746 2773 Messanam
780 2711 941 2775 civitatem
964 2710 1091 2797 ¹Ciciliei
1117 2711 1329 2797 ingreditur-⁸,
1366 2723 1402 2778 et

283 2796 386 2881 captis
408 2795 472 2858 suis
493 2792 673 2875 rebellibus,
697 2816 751 2858 eos
773 2795 841 2880 igni
863 2804 984 2860 cremat

366 2877 514 2943 Miranda
533 2899 585 2942 res
607 2887 638 2942 et
659 2879 794 2942 nimium
817 2880 984 2965 stupenda,
1007 2879 1094 2978 quod
1116 2878 1177 2944 hiis
1198 2879 1399 2967 temporibus

282 2963 365 3048 ignis
388 2971 498 3026 contra
518 2984 618 3048 genus
640 2961 824 3028 mortalium
845 2964 891 3026 sic
912 2962 1053 3028 invelmt.
1097 2963 1181 3042 Nam
1196 2964 1309 3030 eodem
1329 2964 1399 3030 fere

282 3058 426 3132 tempore
455 3056 487 3110 ct
510 3044 644 3111 rebelles
676 3048 861 3134 imperatori
892 3049 926 3111 in
954 3046 1068 3112 Cicilia
1099 3057 1132 3112 et
1162 3049 1195 3112 in
1223 3047 1401 3115 Germania

282 3130 424 3194 infinitus
439 3151 591 3194 numerus
603 3130 769 3195 bominum
783 3141 816 3195 et
826 3130 925 3195 multa
939 3133 1045 3196 menia
1058 3132 1208 3198 incendio
1223 3136 1397 3218 perierunt.

282 3214 365 3280 Nam
388 3223 419 3280 et
438 3223 573 3301 propter
586 3237 678 3280 veras
693 3215 824 3281 hereses
845 3225 878 3280 et
892 3238 949 3315 pro
974 3226 1024 3280 ter
1045 3217 1137 3280 fictas
1159 3217 1251 3281 multi
1272 3216 1399 3283 nobiles

283 3309 315 3364 et
342 3297 511 3385 ignobiles
548 3298 665 3382 clerici,
695 3298 854 3381 monachi,
893 3239 1027 3381 mclirse,
1064 3299 1249 3387 burgenses,
1285 3303 1397 3367 rustici

283 3383 464 3470 aquodam
484 3383 581 3447 fratre
604 3381 754 3448 Ounrado
781 3384 866 3468 ignis
895 3382 1054 3471 supplicio
1081 3407 1140 3469 per
1161 3385 1290 3450 diversa
1314 3386 1397 3451 Teu·

282 3472 369 3533 tonie
398 3466 476 3548 loca,
509 3467 536 3531 si
563 3466 612 3530 fas
645 3477 693 3532 est
723 3468 797 3549 dici,
825 3468 920 3532 nimis
953 3469 1099 3554 precipiti
1131 3473 1287 3535 sententia
1323 3480 1398 3535 sunt

283 3551 413 3618 addicti.
456 3551 539 3616 Nam
561 3550 673 3616 eodem
696 3551 747 3616 die
791 3573 832 3616 uo
855 3553 927 3638 quis
949 3561 1118 3618 accusatus
1146 3563 1204 3636 est,
1234 3576 1292 3618 seu
1312 3555 1397 3618 iuste

283 3657 341 3702 seu
370 3637 502 3716 iniuste,
534 3634 652 3700 nullius
684 3573 923 3784 appellationis,
962 3635 1081 3701 nullius
1112 3636 1304 3703 defensionis
1334 3636 1397 3702 sibi

282 3718 406 3805 refugio
426 3719 622 3805 proficiente,
652 3728 701 3784 est
744 3729 913 3806 empnatus
935 3731 967 3786 ct
988 3719 1125 3785 flammis
1148 3721 1329 3788 crudelibus
1350 3723 1398 3786 in·

283 3897 308 3952 a)
322 3899 517 3951 Archtepiseopus
528 3922 553 3931 -
562 3901 701 3952 quievttiom
709 3911 773 3940 crasa
781 3906 831 3942 sunt
841 3903 865 3941 in
874 3902 895 3940 B
902 3905 921 3953 1,
938 3907 1021 3943 castum
1029 3904 1052 3943 in
1062 3904 1101 3945 01.
1112 3905 1133 3946 2.
1169 3902 1193 3956 b)
1202 3905 1314 3946 Vristlara
1323 3903 1365 3945 01.
1375 3904 1395 3944 2.

284 3956 305 4010 a)
327 3962 363 3999 est
385 3981 411 3990 -
434 3960 543 3999 notabilis
565 3961 611 4000 alta
631 3969 698 3999 manu
717 3961 742 4000 in
762 3961 807 4000 loco
831 3972 883 4000 raso
899 3961 947 4002 Bl.
1008 3960 1032 4013 d)
1055 3964 1241 4014 archiepiscopus
1263 3965 1309 4003 atio
1330 3973 1397 4002 manu

282 4027 390 4066 superem.
407 4017 454 4058 131.
516 4016 538 4069 e)
555 4019 709 4060 westfalltum
726 4021 772 4068 013
786 4020 921 4061 Westaliam
938 4021 980 4062 01.
1039 4021 1097 4072 slp.
1114 4034 1133 4063 r.
1157 4023 1202 4062 atta
1223 4035 1291 4063 manu
1311 4023 1336 4061 r'rt
1350 4022 1399 4062 loco

218 4081 221 4088 ’
282 4076 397 4116 rasoBl.
457 4076 837 4130 3)Walramus02;Wallerantns
854 4081 898 4122 01.
956 4080 981 4133 h)
997 4081 1053 4120 decu
1070 4083 1141 4124 011.
1191 4079 1209 4131 1)
1225 4082 1305 4123 Sicilie
1321 4081 1399 4135 01.s,

282 4147 339 4176 corr.
355 4135 438 4177 Otcttie
455 4137 499 4176 Bl.

285 4275 314 4343 1)
333 4277 500 4330 Heinricum.
593 4276 622 4345 2)
647 4275 815 4346 Sipifridum.
910 4278 940 4347 3)
963 4279 1127 4333 Heinricum.
1214 4280 1244 4347 4)
1268 4280 1398 4334 Fritalor.

283 4347 313 4417 b)
331 4349 484 4403 Hcinricus.
565 4347 594 4417 6)
615 4349 671 4404 Oct.
688 4353 729 4405 15.
806 4352 835 4420 1)
853 4351 979 4422 Ludolfo.
1055 4356 1084 4422 Β)
1102 4371 1189 4408 meuse
1207 4354 1305 4420 Aprili.
