3102 4978
282 413 316 464 cc
472 409 796 470 ,cenomanorum
816 408 1109 462 conournrslss.
1132 412 1211 462 1107.
1239 383 1241 388 ’

653 582 816 636 Reccasio
836 582 860 634 Ι.
880 583 973 635 codd.
992 581 1027 634 A.
1097 624 1098 628 ,

281 674 316 736 in
343 671 495 744 finitimos
524 669 767 750 exercebantur,
797 670 932 734 cremari
958 671 1112 756 precepit.
1157 671 1289 736 Festum
1316 673 1404 756 puri-

178 757 440 822 menficationis
462 763 570 819 sancte
592 754 693 818 Mario
716 752 960 839 Quintilinburg
982 754 1058 839 agit.
1100 754 1153 819 lbi
1173 755 1203 820 le
1227 763 1296 819 atos
1317 757 1403 840 regis

282 842 438 905 Franciae
470 861 529 925 pro
561 846 673 902 mutuo
706 837 866 925 colloquio
896 839 1024 924 accipit.
1072 839 1153 904 Inde
1180 778 1402 924 blenseburgt,

282 935 395 1012 postca
418 923 600 988 Goslariam
622 921 710 1004 adiit,
735 923 883 987 omnibus
905 945 1002 1021 super
1023 945 1121 988 causa
1150 945 1208 988 sua
1230 945 1303 988 eum
1332 923 1404 1009 pul-

282 1008 425 1074 santibus
456 1009 545 1092 regio
572 1027 661 1072 more
693 1007 849 1071 iudicans,
901 1007 1120 1071 Rernhardum
1147 1007 1404 1072 Halverstatensi

283 1092 436 1158 ecclesiae
481 1090 600 1156 refecit.
680 1091 898 1155 Marcwardus
922 1090 1107 1158 Oorbicnsis
1129 1091 1230 1158 abbas
1252 1093 1402 1175 moritur3

283 1177 335 1242 oui
367 1200 427 1240 rex
457 1114 695 1240 llrkenbertum
723 1175 1024 1260 Merseburgensem
1051 1175 1201 1242 abbatem
1229 1176 1403 1241 adveniens

283 1261 455 1330 substituit.
499 1259 579 1323 lnde
595 1258 818 1324 Patherburim
839 1261 980 1343 veniens,
1002 1260 1203 1326 Westfaliam
1217 1269 1403 1343 transmeat,

187 1347 241 1396 ΛΨ·
251 1347 272 1388 ⁷·
284 1344 437 1412 Coloniae
458 1343 574 1409 festum
597 1342 777 1430 palmarum
798 1344 874 1428 agit,
895 1345 1080 1429 Mogontiae
1106 1345 1227 1431 pascha
1253 1344 1402 1411 celebrat.

171 1406 272 1454 ‘mu'
358 1427 525 1493 Generalis
549 1428 689 1513 synodus
712 1449 796 1514 pape
819 1430 967 1494 omnibus
990 1429 1150 1515 episcopis
1175 1429 1262 1515 apud
1284 1429 1403 1494 Trecas

282 1512 442 1577 indicitur.
485 1513 567 1594 Rex,
591 1511 732 1576 collectis
753 1513 954 1598 principibus
985 1533 1081 1598 quam
1105 1512 1262 1599 plurimis,
1290 1535 1402 1579 versus

280 1619 400 1684 papam
421 1596 532 1678 tendit,
554 1599 587 1659 in
608 1597 721 1661 itinere
742 1596 894 1683 pleraque
922 1596 1052 1662 castella
1078 1599 1173 1682 capit,
1196 1597 1401 1662 Oleremonz¹

282 1692 314 1746 et
345 1681 477 1745 Brieth²
517 1680 670 1745 finitimos
713 1682 922 1767 depredantia
963 1683 997 1745 in
1036 1681 1231 1746 deditionem
1268 1685 1402 1767 accepit.

280 1765 397 1850 Legati
424 1765 520 1850 regis,
542 1764 652 1829 Bruno
678 1765 885 1831 Treverensis
910 1789 927 1830 e
952 1767 1092 1852 iscopus,
1123 1766 1200 1832 Otto
1222 1767 1403 1832 Bavenber-

281 1851 389 1996 5ensis
411 1850 593 1936 episcopus,
616 1847 757 1914 Herlevo
786 1789 1029 1937 Herbipolensis
1054 1850 1237 1937 episcopus,
1260 1849 1403 1916 Berthol·

305 1956 343 1998 us
372 1933 439 1997 dux
468 1933 640 2014 Sueviae³,
668 1955 776 1998 comes
805 1935 1040 2017 Herimannus,
1068 1957 1176 2000 comes
1204 1935 1402 2020 Wigbertus,

281 2039 401 2166 papam
417 2016 602 2082 Catalaunis
624 2019 753 2101 adeunt,
775 2041 902 2084 omnem
925 2021 954 2085 ei
978 2019 1190 2084 obedientiam
1210 2019 1297 2084 salvo
1312 2019 1403 2104 regni

305 2125 402 2168 onore
424 2125 466 2167 ex
487 2113 577 2186 parte
598 2103 684 2189 regis
708 2104 906 2168 exhibentes.
949 2105 1040 2191 Papa
1061 2107 1129 2189 regi
1157 2105 1332 2186 remandat,
1358 2103 1403 2166 nil

282 2186 323 2252 ab
353 2209 391 2251 eo
421 2209 455 2250 se
484 2188 631 2274 nisique
652 2188 694 2252 ad
716 2187 869 2252 honorem
891 2187 1064 2269 aecclesiae
1082 2190 1242 2272 pertinent
1263 2189 1402 2274 exigere.

282 2271 354 2336 Rex
385 2271 572 2357 regreditur,
600 2271 717 2336 infecto
747 2271 915 2358 colloquio,
943 2295 1040 2359 super
1068 2294 1132 2358 quo
1161 2295 1220 2336 rex
1247 2273 1403 2336 Franciae

281 2356 405 2442 legatos
427 2357 488 2420 sibi
511 2353 637 2420 direxit.
681 2355 829 2419 Domnus
851 2377 937 2442 papa
958 2356 1088 2442 copioso
1104 2357 1211 2440 episco
1237 2378 1328 2420 orum
1350 2357 1403 2421 etl'

282 2439 437 2506 abbatum
458 2437 658 2525 aliorumque
680 2438 910 2504 catholicorum
940 2449 1102 2506 conventu
1127 2377 1286 2525 synodum
1314 2440 1403 2527 opud

176 2525 402 2593 nataaTrecas
424 2532 540 2588 tractat
549 2535 570 2587 ⁰.
614 2523 665 2587 lbi
687 2544 812 2605 causae,
835 2546 931 2610 super
976 2547 1018 2588 ua
1038 2525 1108 2611 ipse
1131 2534 1163 2589 et
1184 2547 1242 2588 rex
1264 2546 1403 2590 conven-

281 2613 345 2674 turi
366 2616 465 2690 erant,
486 2607 632 2672 inducias
654 2607 696 2670 ad
717 2607 895 2672 Romanam
917 2546 1026 2673 sedem
1053 2609 1154 2694 ponit,
1181 2617 1216 2672 ut
1243 2631 1338 2694 super
1364 2631 1404 2674 ea

282 2693 436 2770 canonice
463 2704 587 2777 agatur.
638 2691 689 2756 lbi
718 2691 901 2756 Ruthardus
929 2693 1114 2778 Mogontiae
1140 2695 1248 2758 archie
1272 2695 1402 2779 isoopus

282 2777 323 2844 ab
357 2776 462 2841 officio
496 2775 604 2840 divino
632 2777 847 2862 suspenditur,
875 2798 913 2842 eo
940 2777 1027 2863 quod
1056 2777 1206 2842 Udonem
1269 2777 1402 2843 ildenes-

281 2863 478 2928 heimensem
507 2861 575 2926 sine
604 2859 757 2926 ecclesiae
787 2879 945 2926 consensu
972 2861 1117 2945 restituit,
1147 2872 1179 2926 et
1206 2862 1282 2948 quia
1307 2861 1402 2926 Rein-

282 2944 419 3010 hardum
441 2953 551 3009 contra
580 2946 651 3009 iura
678 2967 837 3010 canonum
859 2946 1112 3012 Halverstatensi
1139 2944 1291 3011 ecclesiae
1319 2945 1401 3011 ordi·

281 3030 383 3095 navit.
424 3028 634 3094 Gevehardus
650 3027 902 3095 Constantiensis
925 3030 1077 3112 similiter,
1101 3030 1178 3117 quia
1198 3031 1248 3094 his
1271 3051 1402 3095 consen-

283 3116 325 3180 sit
353 3113 409 3201 qui
432 3111 668 3178 Godescalcum
688 3113 849 3180 Mindensi
876 3114 1010 3180 ecclesie
1031 3111 1101 3179 loco
1132 3115 1277 3202 episcopi
1304 3115 1401 3180 intru-

282 3207 402 3285 serunt,
418 3207 449 3262 et
463 3198 540 3283 quia
555 3197 745 3263 Heinricum
759 3199 960 3285 Magadebur
983 3199 1051 3263 ensi
1066 3199 1219 3264 ecclesiae
1233 3199 1400 3264 temerarie

282 3282 451 3364 ordinavit,
472 3280 514 3345 ab
538 3281 643 3347 officio
665 3284 879 3369 suspenditur.
925 3221 1124 3348 Odoniensis
1146 3284 1315 3370 episcopus
1332 3283 1399 3346 Fri-

282 3366 408 3432 dericus
431 3387 503 3430 cum
525 3367 592 3430 suis
614 3367 711 3431 suffra
734 3370 822 3432 aneis
844 3366 885 3430 ab
916 3365 1021 3431 officio
1048 3365 1157 3431 divino
1186 3365 1400 3453 suspenditur,

282 3452 359 3538 quia
380 3451 454 3515 huic
477 3460 604 3515 sanctae
627 3389 749 3537 synodo
765 3471 799 3516 se
814 3450 1026 3520 subtraxerat.
1064 3449 1222 3516 Omnibus
1240 3452 1286 3515 ibi
1301 3449 1399 3516 eccle-

281 3537 336 3601 siis
358 3533 551 3622 apostolicus
572 3534 751 3601 libertatem
779 3535 902 3618 sueml,
930 3543 966 3599 ut
992 3556 1034 3598 ex
1060 3547 1213 3623 precepto
1241 3558 1400 3603 canonum

287 3683 487 3692 ...-.-..—.-.-

618 3697 847 3772 Raceasiolll.
867 3698 959 3750 codd.
979 3699 1014 3750 B.
1036 3697 1062 3749 0.

282 3783 422 3848 sebalem
450 3783 489 3848 de
517 3784 713 3853 investitura.
757 3797 895 3848 Generalis
923 3797 1040 3862 synodus
1066 3813 1157 3862 pape
1190 3800 1311 3849 omnibus
1345 3799 1399 3864 epi·

281 3876 370 3942 scopis
389 3873 461 3940 apud
480 3875 580 3924 Trecas
599 3874 734 3938 indicitur,
752 3877 809 3926 ubi
827 3875 980 3926 Fridericus
994 3875 1162 3927 coloniensis
1181 3877 1399 3944 archiepiscopus

282 3964 342 3999 cum
362 3949 416 3998 suis
435 3947 646 4012 suffraganeisa
672 3948 761 3999 divino
788 3948 876 4000 officio
903 3949 1081 4016 suspenditur,
1105 3966 1142 4000 eo
1167 3950 1256 4017 quod
1281 3966 1310 4000 se
1335 3950 1398 4000 huic

281 4109 457 4212 diflideffwmg
473 4112 521 4154 Al.
567 4111 591 4163 b)
608 4116 631 4152 et
645 4123 751 4162 superior.
768 4113 817 4154 Al.
871 4111 892 4164 c)
908 4113 1212 4158 trectatcorr.trsctstA1.
1259 4111 1282 4164 d)
1298 4112 1354 4151 deest
1369 4111 1397 4154 A.

340 4199 346 4220 ,
383 4183 421 4214 aa.
453 4201 459 4214 .

284 4339 312 4396 ll
333 4337 462 4392 Olermont
481 4357 514 4393 ea
533 4339 667 4409 Arqonnc.
761 4340 790 4402 2)
815 4341 939 4394 Fortasse
957 4341 1049 4409 Brn'ey.
1095 4338 1221 4392 soff-B.
1314 4338 1345 4406 3)
1364 4339 1397 4392 de

281 4413 426 4483 laetoque,
447 4414 494 4482 qai
511 4431 565 4466 aon
585 4412 699 4467 Suebiae
719 4415 844 4466 ducatum
864 4415 974 4473 tenebat.
