2988 5058
294 379 347 429 348
411 377 461 428 EX
480 378 573 430 HIST.
593 377 873 429 EXPEDITIONUM
892 377 931 427 IN
950 378 1099 428 TERRAM
1118 376 1302 430 aduersu.

218 571 283 611 1218.
294 545 438 611 febribus
466 543 606 625 fortiore,
639 565 774 628 corpora
803 565 861 607 sua
890 542 989 607 Terre
1018 543 1146 624 Sancte,
1179 545 1309 608 animas
1352 559 1445 608 vero

294 628 378 694 Filio
400 629 535 712 virginis
556 627 723 714 reliquere.
778 626 857 691 Post
913 627 1071 690 redictum
1104 630 1252 692 comitem
1287 651 1446 714 semper

295 712 538 777 memorandum
561 733 667 776 comes
691 709 854 775 Gerardus
900 709 1029 774 eWide
1051 713 1085 774 in
1106 711 1224 776 milicie
1245 713 1443 776 dominum

293 797 532 862 aTheutonieis
548 797 760 860 communiter
774 793 913 880 eligitur.
956 797 1001 859 At
1022 794 1074 858 ille
1094 818 1160 859 non
1180 799 1285 860 minor
1307 799 1441 861 animo

294 903 391 967 quam
413 902 547 966 corpore
562 881 650 944 viros
666 887 698 944 et
719 877 835 943 milites
858 880 1094 944 strenuissimos
1116 881 1158 944 ad
1180 881 1329 945 officium
1355 903 1439 966 pre-

293 968 379 1032 dicte
411 967 503 1029 navis
534 964 710 1044 ordinavit,
742 962 885 1047 singulos
918 962 959 1026 ad
989 985 1064 1027 suos
1095 963 1221 1029 labores
1254 967 1440 1051 sagaciter

293 1049 487 1135 deputando.
536 1049 615 1112 Post
646 1047 707 1111 hoc
740 1048 888 1111 oracione
921 1047 962 1110 ad
994 1047 1171 1112 Dominum
1202 1049 1274 1113 fusa
1306 1059 1348 1113 et
1386 1048 1436 1112 ad

222 1199 227 1208 ,
292 1156 420 1198 crucem
461 1142 603 1197 sanctam
647 1133 852 1218 processione
893 1131 1098 1196 devotissime
1131 1143 1279 1217 peracta,
1324 1135 1436 1196 navis

295 1217 415 1284 Christi
435 1218 470 1280 in
491 1226 623 1302 aspectu
637 1214 800 1296 terribilis,
823 1214 880 1279 scd
902 1215 1028 1295 decora,
1050 1217 1085 1280 in
1106 1217 1158 1280 die
1173 1215 1260 1282 beati
1275 1215 1434 1302 apostoli

180 1301 511 1378 aarassartholomei
534 1322 608 1364 cum
629 1319 748 1384 magno
770 1297 881 1364 labore
895 1299 937 1362 ad
952 1301 1063 1364 turrim
1078 1302 1223 1365 trahitur.
1267 1300 1431 1365 Econtra

293 1387 413 1474 pagani
433 1384 474 1448 ad
497 1385 605 1448 omnia
626 1382 826 1447 subtilissimi
847 1383 889 1446 ad
903 1383 1133 1448 destruendum
1147 1396 1278 1470 pontem
1294 1385 1430 1448 machi·

294 1493 352 1536 nas
385 1468 551 1533 collocant.
600 1467 747 1552 Cumque
777 1476 937 1531 structura
958 1469 992 1531 in
1019 1468 1161 1533 Domino
1188 1470 1253 1534 iam
1281 1469 1428 1554 iamque

293 1552 550 1639 triumphatura³
565 1551 607 1615 ad
622 1552 838 1616 summitatem
859 1552 955 1615 turris
973 1552 1197 1638 applicaretur,
1221 1551 1320 1634 scala,
1354 1575 1427 1618 cor-

293 1637 343 1702 dis
366 1639 433 1701 suis
461 1658 636 1722 parumper
667 1634 799 1716 laxatis,
831 1637 911 1699 turri
940 1635 1110 1701 demissius
1144 1647 1193 1702 est
1218 1658 1424 1722 suppressa;

292 1722 333 1787 dc
378 1743 420 1785 ua
434 1719 593 1784 vexillifer
607 1720 697 1784 ducis
709 1719 849 1800 Austris,
894 1718 1045 1783 lurimum
1067 1723 1212 1806 aspirans
1233 1721 1423 1803 introitum,

290 1745 420 1887 decidit,
449 1813 482 1869 θῖ
507 1805 554 1868 εἰθ
575 1826 634 1890 pro
658 1804 753 1867 sociis
775 1802 816 1866 ad
839 1741 958 1866 Filium
979 1805 1113 1890 virginis
1142 1803 1347 1869 exorandum
1372 1814 1424 1870 est

289 1891 476 1956 destinatus.
524 1888 593 1952 Nec
621 1909 725 1969 mora,
756 1887 924 1952 Sarraceni
953 1910 1050 1974 super
1077 1901 1201 1954 nostros
1226 1888 1358 1973 lapides
1389 1899 1421 1954 et

291 1975 424 2060 sagittas
446 1971 556 2059 pluere
577 1972 640 2035 visi
668 1981 741 2036 sunt
769 1982 810 2052 et,
844 1971 930 2058 quod
958 1975 1090 2058 gravius
1119 1983 1175 2050 est,
1208 1974 1320 2058 ignem
1344 1975 1418 2038 sine

289 2080 439 2123 mensura
459 2058 630 2142 proiciunt.
674 2054 726 2119 Ad
750 2057 840 2118 cuius
863 2059 1066 2120 contactumh
1096 2056 1182 2121 scala
1207 2058 1416 2142 impetuosis-

289 2145 369 2207 sime
395 2150 444 2206 est
471 2162 635 2205 succensa.
687 2139 782 2203 Nunc
815 2137 922 2220 dolor,
956 2162 1042 2204 nunc
1069 2139 1232 2226 planctus,
1262 2139 1415 2226 ploratus

290 2236 322 2291 et
343 2225 480 2290 ululatus
502 2248 522 2289 a
542 2225 659 2289 nostris
682 2223 723 2288 ad
745 2233 861 2288 terram
884 2233 951 2288 toto
974 2246 1117 2310 corpore,
1146 2224 1188 2289 ad
1208 2225 1319 2289 Deum
1341 2227 1414 2290 solo

290 2312 385 2376 corde
408 2310 568 2396 profusus,
603 2316 651 2372 est
678 2308 817 2372 auditus.
860 2308 1047 2372 Patriarcha
1075 2309 1171 2373 etiam
1193 2307 1412 2373 lherosolimi-

289 2406 383 2459 tanus
406 2415 559 2457 coronam
582 2393 698 2478 capitis
720 2393 770 2454 sui
798 2392 917 2455 harena
946 2405 978 2456 et
998 2391 1129 2478 pulvere
1150 2392 1314 2456 humiliter
1337 2414 1412 2457 con·

289 2503 304 2543 s
330 2501 364 2543 er
388 2478 470 2544 ebat.
514 2478 558 2540 Et
579 2498 653 2542 ecce
682 2476 766 2562 ignis
796 2474 973 2540 diabolicus
1000 2499 1059 2563 per
1086 2475 1233 2540 lacrimas
1261 2486 1410 2540 sanctum

318 2585 354 2627 ar
391 2561 551 2626 olomeum
573 2561 620 2623 sic
648 2561 867 2626 invocantium
889 2569 938 2624 θεῖ
965 2567 1136 2631 extinctus,
1180 2560 1233 2624 Ad
1263 2583 1408 2646 pugnam

288 2648 396 2732 itaque
418 2644 475 2708 filii
491 2645 556 2708 Dei
571 2643 716 2724 redeunt,
737 2643 850 2708 lancea
871 2653 903 2709 et
917 2644 1050 2730 cuspide
1072 2645 1219 2708 inimicos
1241 2645 1407 2726 invadunt,

289 2731 336 2794 sic
361 2751 401 2793 ue
413 2729 502 2793 haste
514 2750 573 2813 per
583 2728 716 2801 numina
726 2727 835 2809 fracte,
852 2729 886 2790 in
897 2750 972 2791 aera
983 2749 1071 2793 more
1083 2727 1217 2793 telorum
1229 2730 1408 2793 volantium

287 2814 352 2878 resi
366 2815 443 2876 'unt
487 2812 539 2876 Ad
561 2813 709 2875 ultimum
731 2811 809 2875 hora
832 2834 1039 2897 vesperorum
1060 2812 1146 2878 facta
1168 2813 1260 2877 Friso
1276 2813 1407 2899 quidam

288 2895 414 2981 fiagello
436 2893 576 2959 mirabili
597 2897 738 2960 munitus
761 2898 989 2983 superveniens
1012 2906 1043 2960 et
1065 2895 1144 2961 alter
1158 2895 1250 2962 clava
1264 2918 1325 2960 sua
1342 2918 1408 2961 non

288 2983 393 3066 impar
420 2981 528 3044 hostes
556 2979 775 3066 propulerunt.
824 2979 889 3045 Sed
917 2990 949 3044 et
975 2980 1087 3044 miles⁰
1140 2981 1249 3044 uidam
1281 2981 1406 3045 iuvenis

288 3064 475 3130 Leodiensis
499 3064 635 3129 diocesis
651 3064 789 3150 Spiritus
802 3067 903 3128 sancti
919 3065 1037 3130 virtute
1060 3003 1265 3146 conlurtatus,
1288 3067 1404 3129 turrim

288 3151 378 3236 prius
401 3148 578 3214 ascendens
606 3149 746 3212 intravit.
789 3147 835 3212 Αῖ
858 3149 977 3234 pagani
1003 3149 1063 3213 Dei
1089 3151 1232 3235 potentia
1253 3150 1404 3234 percussi,

288 3234 331 3299 ad
359 3233 543 3298 inferiorem
571 3233 666 3296 turris
694 3232 800 3296 locum
826 3231 1028 3316 confugiunt,
1062 3235 1119 3297 sed
1148 3232 1255 3297 adhuc
1284 3233 1404 3297 faciunt

312 3317 377 3382 uod
398 3329 544 3403 possunt.
588 3315 671 3379 Nam
693 3316 816 3380 fumum
839 3315 1035 3402 palpabilem
1057 3332 1167 3380 contra
1188 3326 1325 3398 nostros,
1346 3314 1403 3380 sed

288 3341 414 3483 bustra,
426 3401 622 3487 proiciuntl3
639 3422 703 3486 quc
716 3411 869 3482 cessante,
881 3411 959 3464 tunc
971 3400 1100 3464 demum
1112 3401 1233 3465 residui
1247 3401 1281 3464 in
1291 3422 1403 3464 manus

289 3509 322 3552 se
356 3486 601 3550 christianorum
631 3483 793 3566 dedentes,
831 3485 870 3549 de
902 3485 981 3548 turri
1014 3495 1142 3550 centum
1176 3485 1302 3550 circiter
1331 3495 1402 3548 sunt

288 3571 432 3635 extracti.
481 3568 575 3634 Multi
604 3589 680 3632 vero
708 3591 750 3634 ex
779 3591 889 3632 eorum
919 3569 1014 3632 sociis
1041 3569 1150 3632 fuam
1178 3578 1337 3654 petentes,
1366 3569 1400 3631 in

159 3677 160 3680 ’
216 3696 220 3700 -
286 3654 353 3719 Nili
380 3652 520 3717 fluminis
553 3652 644 3718 alveo
678 3663 751 3716 sunt
780 3653 948 3717 submersi.
998 3591 1150 3717 Exuftatc
1183 3653 1280 3738 igitur
1308 3652 1399 3716 etin

287 3739 429 3803 Domino
451 3736 593 3802 letamini
616 3758 725 3801 omnes
749 3739 804 3822 qui
825 3746 943 3801 terram
965 3735 1084 3802 Christi
1107 3737 1263 3823 sanguine
1291 3737 1398 3800 sancti-

286 3823 414 3885 ficatam
444 3819 591 3906 diligitis!
631 3821 695 3884 Via
721 3823 837 3886 etenim
865 3820 959 3885 nobis
989 3825 1021 3885 et
1041 3831 1133 3905 porta
1154 3823 1188 3884 in
1208 3818 1396 3885 lherusalem

287 3929 345 3992 per
356 3904 496 3968 Filium0
512 3905 645 3990 virginis
661 3914 709 3969 est
722 3916 842 3990 aperta.
859 3946 861 3952 ι
886 3905 1011 3969 Montes
1024 3905 1154 3970 Thabor
1168 3915 1201 3969 et
1215 3903 1279 3969 alia
1300 3913 1395 3967 castra

287 3989 446 4054 cristianis
467 3989 583 4053 infesta
598 4011 656 4074 per
672 4011 786 4053 manus
809 3990 1012 4053 inimicorum
1028 4000 1102 4054 sunt
1117 3989 1287 4054 destructa.
1315 3989 1395 4053 Inter
1473 3991 1474 4014 ³

285 4095 429 4160 paga-nos
456 4095 584 4160 quoque
611 4072 800 4172 plusquam
824 4072 931 4136 civilia
952 4071 1035 4137 bella
1056 4082 1218 4158 geruntur,
1249 4083 1284 4170 et
1303 4091 1393 4156 regna

286 4179 396 4224 eorum
411 4196 447 4206 -
461 4166 688 4243 prognostrcon
699 4180 756 4222 sue
768 4156 971 4222 desolationis
983 4197 1025 4207 -
1035 4156 1178 4243 undique
1190 4154 1390 4221 div1dunt1nf.
1473 4201 1474 4242 ᾗ

286 4292 308 4344 a)
325 4294 422 4344 phantla
436 4293 601 4334 schamat.
643 4292 667 4344 b)
684 4297 779 4334 sctatun
794 4298 844 4333 ante
861 4305 881 4334 c.
896 4305 938 4335 scr.
953 4295 990 4334 aad
1005 4295 1045 4334 det.
1061 4305 1078 4334 c.
1116 4292 1137 4344 c)
1153 4292 1360 4334 nubsscorr.miles
1373 4301 1390 4332 t.
1473 4305 1474 4312 ¹

285 4353 309 4403 d)
325 4353 446 4403 procieant
461 4365 478 4393 c.
527 4351 550 4399 cl
566 4353 629 4392 filius
644 4363 700 4392 corr.
710 4353 759 4392 filiu
774 4363 792 4394 c.
838 4351 857 4402 t)
873 4364 928 4402 quae
943 4359 1077 4404 sequuntur:
1092 4353 1148 4392 Post
1163 4357 1253 4402 captam
1269 4353 1344 4391 turrim
1351 4354 1385 4390 eto.

284 4413 438 4452 somniatoris
455 4422 523 4462 cupra
539 4423 575 4453 nr.
587 4411 623 4454 VI.
633 4412 689 4452 edita
702 4413 827 4462 pleramque
842 4413 978 4466 convertunt,
994 4423 1019 4452 eo:
1028 4412 1098 4452 codem
1106 4411 1184 4453 oliveri
1196 4411 1386 4453 romanoram.
1473 4429 1474 4432 ¹
