3122 4978
193 415 381 467 CHRONICA
400 415 513 466 REGIA
534 415 784 469 COLONIENSIS.
805 417 1116 471 (tertulliamus.
1201 421 1255 470 229

529 589 694 642 Beceasio
714 591 738 642 I.
759 599 790 644 et
808 593 849 647 ΙΙ.

131 674 235 740 dictos
250 674 438 756 cardinales,
458 673 578 740 scilicet
588 675 762 760 Hugonem
774 677 1003 743 Hostiensema
1018 679 1207 806 episcopum
1222 688 1255 745 et

131 759 284 841 Leonem,
314 760 347 822 in
375 757 600 825 Alemanniam
628 760 670 823 ad
697 784 806 846 regem
830 771 862 826 et
884 761 1035 850 [reliquos
1057 764 1068 852 ]
1091 765 1194 850 prmci
1219 786 1254 828 es

131 844 219 908 misit
240 852 272 908 et
287 843 372 930 quod
394 843 516 908 factum
537 844 641 908 fuerat
662 847 851 911 auctoritate
868 869 927 911 sua
941 846 1150 915 confirmavit.
1187 787 1253 929 dui

133 929 231 993 etiam
265 927 406 1014 singulas
443 929 590 994 civitates
623 939 687 992 tam
722 929 882 995 Saxoniae
915 953 1011 1018 quam
1044 931 1254 998 Alamanniae

132 1013 300 1076 visitantes
323 1020 355 1077 et
368 1011 529 1076 iusticiam
544 1013 687 1123 undique
703 1012 845 1079 ecclesiis
860 1014 1023 1098 facientes,
1045 1027 1119 1102 post
1133 1016 1254 1115 pascha
1265 1037 1331 1080 aaa.
1342 1039 1380 1078 aa.

133 1095 302 1162 Coloniam
322 1106 490 1177 venerunt,
512 1095 569 1161 ubi
584 1119 604 1160 a
619 1096 841 1163 lheoderico⁰
857 1098 1040 1164 Coloniensi
1061 1100 1253 1166 archrelecto

132 1191 166 1246 et
185 1181 335 1246 universo
359 1179 444 1245 clero
467 1202 542 1244 cum
562 1180 666 1266 gloria
687 1204 779 1246 susce
804 1184 827 1247 ti
844 1192 875 1247 et
890 1185 985 1248 cumb
1000 1206 1054 1247 ma
1100 1184 1254 1249 ohonore

131 1287 191 1350 per
230 1263 298 1328 dies
337 1265 377 1328 lb
410 1275 485 1330 sunt
522 1265 653 1330 detenti.
775 1205 1016 1332 dheodericusd
1082 1268 1254 1333 oloniensis

132 1347 276 1414 electus⁰
293 1347 429 1413 sabbato
451 1358 525 1434 post
546 1360 754 1436 pentecosten
776 1375 796 1415 a
815 1351 1036 1417 Theodericod
1051 1351 1363 1420 Traiectensinaas.

131 1434 287 1519 episcopo
310 1435 343 1496 in
365 1433 579 1520 presbiterum
603 1433 777 1517 ordinatur,
805 1446 838 1500 et
859 1437 1007 1522 sequenti
1028 1435 1198 1518 dominica,
1220 1435 1255 1501 id
1264 1457 1363 1499 nassa

131 1527 180 1582 est
212 1528 328 1581 octava
358 1517 593 1602 pentecostesf,
626 1542 645 1583 a
679 1518 833 1583 Goard01
861 1520 1076 1584 Laodicensiss
1112 1522 1254 1586 antistite

130 1602 334 1688 presentibus
357 1602 566 1687 suffraganeis
593 1605 659 1667 suis
680 1605 714 1667 in
737 1603 1016 1704 archiepiscopum
1038 1614 1254 1670 consecratur.

215 1686 291 1770 Ipso
314 1686 473 1833 sipuidem
496 1709 579 1750 anno
602 1687 703 1752 abbas
716 1687 969 1774 Cystercrensis²
991 1697 1022 1754 et
1043 1687 1098 1752 alii
1119 1689 1254 1755 abbates

131 1770 275 1834 eiusdem
298 1791 334 1834 or
357 1771 419 1834 inis
442 1771 557 1834 iterum
585 1792 605 1833 a
624 1794 711 1858 papa
732 1774 765 1835 in
787 1773 1017 1837 Proventiamh
1046 1773 1255 1838 convertendi

131 1856 237 1940 gratia
257 1854 444 1940 Begginos³
467 1854 510 1919 ad
531 1855 629 1919 fidem
656 1858 835 1940 mittuntur,
865 1857 922 1921 sed
943 1857 985 1920 ab
1008 1857 1054 1921 eis
1077 1858 1254 1943 contempti

130 1949 163 2004 et
184 1960 257 2003 curn
279 1939 456 2023 ignominia
477 1937 598 2025 repulsi
622 1949 705 2005 sunt.

214 2023 339 2087 Eodem
354 2023 450 2088 etiam
465 2045 548 2087 anno
565 2023 642 2090 Otto
657 2047 716 2089 rex
730 2023 856 2088 Italiam
872 2047 946 2089 cum
962 2046 1079 2110 magno
1096 2035 1255 2111 apparatu

129 2107 277 2190 intravit3
288 2107 345 2172 ubi
356 2108 519 2193 principes
533 2109 638 2172 tocius
652 2108 900 2194 Langobardiae
916 2111 945 2174 ei
961 2119 1163 2174 occurrentes
1178 2131 1254 2173 cum

130 2190 234 2274 gloria
255 2202 473 2290 susceperunt,
496 2193 642 2257 civitates
664 2202 697 2258 et
725 2192 854 2258 castella
882 2195 951 2257 eius
980 2193 1122 2257 dominio
1145 2191 1253 2256 subdi-

131 2275 256 2359 derunt,
271 2277 427 2339 infinitam
447 2278 617 2362 pecuniam
639 2277 844 2362 vectigalium
868 2286 900 2342 et
920 2276 1113 2342 tributorum
1135 2299 1155 2340 a
1175 2286 1253 2341 tem-

155 2360 264 2424 oribus
278 2361 424 2425 Heinrici
438 2362 638 2446 imperatoris
653 2373 848 2427 reservatam
863 2362 1073 2427 tradiderunt.
1101 2362 1180 2426 Post
1194 2361 1254 2425 hec

129 2383 267 2510 bamam
288 2467 488 2532 progressus,
519 2457 706 2511 occurrente
737 2446 798 2511 sibi
826 2467 912 2532 papa
940 2468 1013 2510 cum
1036 2445 1253 2511 cardinalibus

131 2537 163 2594 et
184 2538 305 2611 senatu,
328 2551 401 2593 cum
423 2529 543 2594 honore
566 2532 749 2617 suscipitur,
772 2541 803 2596 et
825 2532 972 2617 sequenti
993 2530 1155 2594 dominica
1180 2539 1254 2616 post

130 2615 249 2680 festum
263 2615 365 2678 sancti
379 2614 558 2679 Michaelisi
574 2614 768 2700 archangeli,
788 2615 823 2678 id
838 2626 886 2680 est
899 2617 929 2680 4.
941 2616 1023 2679 Non.
1037 2614 1169 2681 Octobr.
1178 2617 1203 2696 ¹¹,
1218 2615 1251 2677 in
1264 2633 1306 2675 oa.
1316 2636 1339 2676 r.

132 2697 271 2763 ecclesia
296 2699 411 2762 maiori
438 2698 524 2764 beati
546 2700 635 2764 Petri
664 2697 802 2785 apostoli
827 2701 861 2763 in
889 2699 1115 2785 imperatorem
1141 2720 1252 2763 conse·

132 2793 247 2846 oratur.
291 2782 365 2863 Quo
381 2793 577 2863 consecrato,
599 2785 700 2847 oritur
718 2785 871 2848 intereos
886 2786 1106 2849 conuoversia
1120 2793 1252 2890 propter

131 2866 306 2931 marchiam
319 2866 456 2931 domnae
468 2866 630 2932 Methildis
640 2869 658 2948 ¹,
667 2890 755 2966 quae
766 2868 929 2967 quondam
941 2869 1001 2932 fuit
1012 2867 1078 2933 filia
1088 2869 1252 2953 Rutgerim

154 2952 288 3038 rincipis
311 2951 470 3031 Siciliae⁴,
500 2952 560 3015 viri
581 2951 799 3034 famos1ssim1,
827 2961 860 3016 et
879 2975 964 3017 uxor
986 2951 1130 3018 Ounradi
1152 2953 1250 3037 regis,

130 2974 189 3099 hii
212 3037 256 3099 im
281 3036 436 3100 cratoris¹¹
461 3035 607 3099 Heinrici
626 3036 704 3117 Hll,
725 3037 808 3100 viri⁵
831 3035 981 3101 catholici
1001 3047 1033 3101 et
1054 3034 1251 3106 apostolicae

132 3120 200 3185 sedi
222 3059 456 3200 subiectissimi,
480 3119 535 3205 qui
557 3130 668 3184 contra
679 3119 876 3184 voluntatem
891 3121 992 3205 patris
1013 3111 1251 3206 per‘quasdam

130 3203 243 3271 Italiae
264 3213 371 3290 partes
394 3212 426 3268 et
446 3225 564 3268 nomen
586 3212 618 3268 et
638 3203 827 3289 dignitatem
849 3206 935 3290 regis
957 3205 1050 3268 annis
1071 3204 1137 3270 fere
1160 3202 1251 3269 90b-

130 3289 226 3354 tinuit
247 3298 279 3353 et
296 3296 414 3352 terram
429 3288 698 3374 speciosissimam
714 3287 865 3373 possedit.
908 3289 987 3353 Post
1001 3289 1092 3352 cuius
1114 3298 1251 3351 mortem

130 3371 185 3437 illa
209 3374 368 3436 turturina
394 3372 520 3458 predita
546 3370 610 3437 fide
638 3372 795 3437 secundos
825 3371 1044 3437 detestabatur
1070 3370 1250 3457 amplexus,

132 3466 165 3521 et
193 3458 227 3520 in
255 3456 411 3521 viduitate
433 3475 635 3555 permanens,
662 3457 837 3520 marchiam
868 3456 931 3521 sibi
957 3478 977 3519 a
1003 3457 1076 3520 viro
1105 3454 1250 3520 relictam

131 3549 168 3604 ut
189 3542 239 3604 vir
269 3541 524 3624 sapientissimus
552 3540 762 3626 gubernabat.
808 3540 899 3621 Quae
920 3540 962 3605 ad
985 3541 1117 3604 senilem
1138 3561 1251 3625 perve-

131 3623 223 3688 niens
245 3631 391 3708 aetatem,
414 3625 631 3689 circumventa
652 3646 673 3687 a
685 3645 772 3711 papa
792 3633 868 3688 tunc
888 3625 1052 3709 temporis,
1074 3621 1250 3688 marchiam

78 3837 83 3846 .
132 3803 367 3856 a)0stlensemB1.
399 3804 495 3857 b)dcea
511 3807 557 3847 Bl.
588 3804 609 3857 c)
626 3805 751 3847 'reodoz
782 3804 1248 3856 d)Teod.B1.02.—tgtturadd.ll1.

133 3864 155 3915 e)
172 3865 325 3904 archlelectus
342 3865 385 3904 09.
425 3863 544 3915 Opertae
559 3865 607 3916 B1;
621 3869 771 3916 pentecosten
788 3865 830 3907 02.
861 3863 1084 3916 g)1.aodlensica.
1114 3863 1139 3917 h)
1155 3865 1251 3905 Provin-

131 3925 188 3964 tiam
204 3923 278 3964 (11.2.
347 3921 365 3974 l)
381 3923 524 3974 Mychalrslls
539 3924 587 3967 131.
647 3924 672 3975 k)
689 3929 771 3973 quarto
791 3925 869 3964 Nonas
891 3924 971 3966 octob.
988 3931 1053 3964 antea
1071 3929 1121 3975 post
1142 3926 1250 3974 sequenti

131 3984 249 4024 dominica
265 3984 309 4025 01.
348 3981 366 4035 1)
381 3983 505 4034 Methyldis
522 3984 563 4024 01.
573 3985 593 4024 9.
625 3982 657 4035 rn)
672 3983 769 4032 Rutgeri
784 3983 835 4032 1313
850 3983 946 4034 Rotgerl
961 3984 1003 4025 01.
1041 3983 1250 4036 n)11.lnp,131.

135 4116 163 4184 1)
176 4116 260 4183 Infra
279 4114 652 4182 a.1212,p.2³4.11aardas
671 4114 777 4179 dicitur,
792 4117 890 4182 procul
907 4116 987 4169 dubio
1007 4115 1077 4168 idem
1096 4117 1142 4182 qni
1159 4115 1251 4182 Rapo,

131 4199 162 4240 at
181 4190 246 4240 alibi
265 4187 398 4243 scribitur.
472 4190 501 4256 2)
518 4189 661 4241 Amoldus.
737 4189 766 4255 3)
788 4187 843 4251 Qui
861 4188 926 4241 altos·
941 4190 1093 4257 Albiyemes
1113 4190 1249 4240 dicantur.

133 4262 163 4330 4)
184 4263 330 4328 Consuadit
348 4271 441 4315 auctor
459 4261 485 4314 Ιι.
505 4262 522 4313 l.
536 4263 698 4314 Matidiam
715 4262 935 4314 marchionissam
955 4273 978 4315 ct
992 4263 1163 4324 Malhildam‚
1183 4278 1250 4313 aco·

133 4353 188 4388 rem
213 4335 331 4388 Ormradi
353 4337 432 4404 regis.
507 4337 535 4398 ὃ)
554 4336 631 4387 Haec
656 4353 689 4387 ec
713 4336 870 4388 Elckehardt'
894 4337 949 4389 loco
977 4355 1003 4387 a.
1032 4337 1111 4388 1099.
1138 4334 1167 4386 ia
1189 4333 1252 4400 ipsa

134 4411 184 4462 hac
208 4410 331 4462 chronica
354 4409 484 4476 descripto
502 4416 590 4462 sumta
608 4417 678 4463 suat.
