3126 4976
299 469 488 520 CHRONICA
507 470 619 522 REGIA
640 469 883 522 COLONIENSIS
904 471 936 522 A.
957 440 1036 520 naa.
1058 471 1138 521 1133.
1251 471 1285 520 69

537 644 703 695 Recenst‘o
724 643 748 693 Ι.
769 645 863 694 codd.
885 642 917 695 A.

235 727 376 813 Eclipsis
396 728 492 793 lunae
506 730 593 793 facta
607 741 656 794 est
670 732 699 793 5.
714 729 824 793 Nonas
839 731 957 795 Martii.
996 729 1361 800 Vehementissimama.
1372 759 1393 798 a

159 813 210 875 vis
233 822 402 876 ventorum
423 815 592 878 innumera
614 813 741 877 edificia
762 813 897 877 subruit.
973 812 1120 878 Elevatio
1142 817 1285 900 corporis

161 894 272 961 domni
300 896 487 962 Godehardi
515 897 845 962 Hildenesbeimensis
874 899 983 982 episco
1007 899 1037 980 i3
1069 897 1126 962 ubi
1153 899 1287 962 Domini

161 992 356 1065 cooperante
377 983 481 1066 gratia
502 980 641 1067 plurima
659 984 832 1046 sanitatum
847 980 932 1045 dona
945 921 1081 1045 indrmis
1095 992 1286 1067 prestantur.

236 1065 332 1130 Circa
352 1065 468 1130 festum
490 1066 716 1152 assumptionis
739 1077 847 1130 sancte
869 1067 991 1130 Mariae
1017 1065 1173 1152 profectio
1201 1069 1286 1151 regis
1297 1085 1354 1136 Auo·
1368 1085 1403 1129 1⁵.

160 1150 195 1212 in
215 1148 342 1214 Italiam
364 1172 422 1234 pro
446 1151 685 1214 consecratione
708 1172 766 1214 sua
787 1149 871 1226 aba
896 1150 1028 1215 ostolico
1049 1171 1069 1212 a
1092 1151 1136 1214 ud
1150 1151 1286 1215 Romam

160 1234 194 1296 in
227 1255 379 1298 cesarem.
433 1235 473 1298 In
503 1237 565 1319 q'uo
598 1235 711 1298 itinere
744 1256 818 1298 cum
850 1172 893 1299 ad
922 1234 1034 1299 urbem
1062 1172 1287 1319 dogustanam

160 1318 309 1399 venisset,
332 1340 403 1382 eam
426 1319 561 1404 pacifice
583 1319 747 1404 ingressus
769 1328 831 1401 est,
861 1327 909 1383 set
939 1319 1138 1404 quorundam
1166 1320 1286 1383 civium

160 1400 300 1466 factione
323 1403 439 1466 seditio
466 1413 598 1466 contra³
626 1404 730 1467 socios
759 1403 846 1488 regis
873 1415 987 1468 exorta
1013 1413 1071 1484 cst,
1099 1413 1132 1468 et
1156 1403 1217 1467 hac
1246 1401 1287 1468 de

161 1507 260 1550 causa
282 1489 448 1571 repentino
475 1489 559 1572 igne,
587 1490 682 1551 utin
709 1485 764 1552 tali
790 1487 931 1551 tumultu
957 1487 1027 1551 fieri
1054 1487 1144 1568 solet,
1173 1488 1287 1552 civitas

113 1651 118 1657 ι
159 1569 227 1634 fere
254 1577 322 1634 tota
350 1571 569 1656 conflagravit,
597 1582 629 1636 et
657 1571 748 1636 multi
774 1581 840 1636 tam
869 1571 977 1656 gladio
1004 1571 1162 1636 interfecti
1189 1593 1287 1658 quam

160 1655 236 1738 igne
259 1655 407 1719 suffocati
429 1665 513 1720 sunt.

541 1739 636 1804 Anno
659 1740 792 1803 Domini
815 1741 907 1804 1133.

235 1821 307 1886 Rex
328 1821 467 1888 natalem
489 1823 625 1887 Domini
646 1824 680 1885 in
695 1822 925 1906 Longobardia
947 1823 1034 1908 apud
1055 1823 1164 1888 villam
1186 1823 1286 1887 Medi-

162 1905 268 1969 cinam
299 1905 417 1971 dictam
447 1906 612 1972 celebrat·
640 1908 703 1971 Per
723 1907 850 1971 Italiam
900 1907 1031 1993 leraque
1061 1908 1184 1971 munita
1214 1907 1286 1971 loca

161 1990 224 2055 sibi
254 1992 435 2056 resistentia
462 1993 558 2077 capit.
603 1990 749 2055 Tandem
780 1993 810 2055 ⁶2.
832 1930 905 2054 Kal.
934 1992 1010 2055 Mai.
1041 1992 1178 2055 Romam
1212 2013 1396 2072 cumrato.

160 2096 287 2138 summo
314 2074 424 2140 favore
451 2075 630 2160 ingreditur
658 2075 768 2160 ibique
798 2077 827 2140 2.
855 2075 963 2139 Nonas
990 2076 1086 2158 Iunii,
1143 2098 1182 2139 ue
1209 2084 1377 2141 tuncrum.

161 2157 259 2244 diesl¹
276 2157 439 2224 dominica
460 2161 592 2241 exstitit,
613 2159 781 2223 Lateranis
804 2159 838 2222 in
859 2158 995 2224 basilica
1017 2097 1285 2223 sanctiqlohannis

160 2241 331 2327 baptistae
342 2243 460 2308 domno
475 2243 651 2392 apostolico
666 2245 854 2342 Innocentio
869 2245 904 2306 in
919 2265 1060 2342 cesarem
1072 2253 1284 2310 consecratur.

518 2350 665 2392 urnensrs
698 2349 879 2427 ep1scopus,
913 2350 968 2414 qur
999 2337 1076 2390 tunc
1108 2349 1182 2390 curn
1210 2349 1286 2411 rege

161 2326 346 2392 Bernardus
375 2327 494 2393 Pather

161 2411 282 2490 aderat,
305 2434 400 2475 usum
421 2413 585 2477 rationalis
606 2415 641 2476 in
664 2410 931 2476 celebrationibus
955 2413 1148 2476 missarum⁰
1172 2413 1285 2475 consti-

161 2496 239 2558 tutis
261 2495 460 2581 temporibus
483 2499 563 2561 etin
578 2495 872 2560 consecrationibus
887 2495 1114 2560 aecclesiarum
1131 2517 1188 2560 seu
1204 2495 1285 2560 ordi-

160 2578 345 2642 nationibus
368 2578 676 2645 aecclesiasticorum
697 2580 857 2666 graduum
879 2581 913 2644 in
935 2581 1066 2666 proprio
1081 2583 1205 2644 tantu'm
1220 2581 1285 2665 epi-

159 2707 361 2713 ’—‘
501 2725 725 2778 necessari.
745 2727 840 2777 toas.
860 2726 896 2777 B.
917 2723 944 2775 o.

158 2810 193 2874 in
223 2807 377 2874 electione
404 2809 524 2874 domini
548 2809 718 2875 Godefridi
741 2811 906 2877 Santensis
934 2810 1099 2897 prepositi,
1121 2809 1285 2895 presiden-

158 2893 246 2958 tibus
261 2894 363 2958 tribus
380 2894 606 2973 cardinalibus,
619 2905 727 2961 sancte
739 2896 903 2960 Romanae
919 2893 1054 2959 ecclesie
1068 2892 1193 2978 legatis,
1205 2892 1284 2958 Wil-

158 2976 287 3041 belmo‘l
302 2977 441 3043 scilieete
457 2980 645 3044 Prenestino
661 2981 823 3066 episcopo,
846 2978 998 3061 Widone‚
1021 2979 1077 3063 qui
1094 2979 1283 3042 Innocentio

158 3061 281 3126 Romae
312 3063 475 3145 successit,
506 3073 538 3128 et
559 3062 701 3128 Iohanne
724 3063 891 3129 Cremensi
921 3086 938 3148 e
963 3065 1085 3161 iscopo.
1137 3062 1283 3126 Tandem

79 3211 83 3227 ἱ
157 3145 277 3210 iudicio
300 3150 385 3232 regis
407 3156 439 3212 et
458 3148 563 3232 princi
589 3169 643 3210 um
665 3157 697 3211 et
718 3150 862 3233 ipsorum
885 3086 1095 3211 cardinalium
1116 3146 1158 3210 ad
1172 3148 1283 3210 unani-

157 3231 301 3294 mitatem
330 3229 466 3314 ecclesia
487 3253 546 3316 per
569 3231 685 3313 ucitur,
713 3233 764 3296 etl
785 3233 903 3295 saniori
932 3230 1076 3312 consilio,
1105 3228 1283 3294 Godefrido

158 3325 314 3396 cessante,
344 3315 481 3379 domnus
503 3316 624 3396 Bruno,
653 3317 837 3402 prepositus
860 3316 971 3381 Sancti
995 3313 1162 3393 Gereonis,
1190 3312 1283 3378 Oolo-

156 3399 262 3462 niensi
284 3398 454 3464 cathedrae
475 3401 693 3466 intronizatur.
731 3402 863 3465 Interim
885 3399 961 3464 dum
984 3399 1044 3462 hec
1062 3397 1188 3481 agenda
1204 3408 1283 3462 trac

124 3515 128 3524 ·
156 3491 282 3563 tantur,
319 3499 476 3550 Ekbertnst
509 3501 729 3552 Monasteriensis
768 3503 926 3570 episcopus,
964 3483 1104 3568 primum
1141 3481 1282 3546 decanus

157 3566 289 3630 maioris
311 3565 485 3631 aecclesiae
505 3567 612 3632 beatih
628 3568 716 3633 Petri
738 3567 948 3648 coloniensis,
971 3568 1027 3652 qui
1049 3565 1123 3631 huic
1146 3564 1282 3630 concilio

156 3652 326 3730 intererat,
364 3663 481 3713 ibidem
516 3665 665 3714 infirmatus
695 3665 862 3726 moritur,
893 3668 1097 3729 reportatusque
1127 3664 1161 3713 ad
1191 3663 1282 3714 sedem

156 3757 241 3804 suam,
261 3741 418 3804 tumulatum
440 3744 485 3792 cui
504 3743 649 3793 Wernerus
668 3743 807 3793 successit.

231 3815 475 3866 vehementissima
501 3819 542 3866 vis
567 3821 706 3866 ventorum
735 3817 874 3865 innumera
904 3815 1011 3866 edificia
1039 3816 1153 3868 subruit·
1198 3816 1282 3882 Ipso

157 3903 248 3938 anno
270 3887 413 3938 elevatum
434 3895 486 3940 est
505 3905 601 3956 corpus
620 3891 707 3939 sancti
727 3888 891 3940 Godehardi.

503 3956 532 4018 9.
576 3954 671 4019 Anno
693 3955 827 4018 Domini
851 3956 943 4019 1133.

230 4040 303 4102 Rex
324 4038 461 4103 Romam
484 4039 699 4124 proficiscitur
727 4039 769 4102 ad
798 4038 1034 4103 restituendum
1055 4040 1281 4105 Innocentium

157 4122 228 4185 sedi
253 4121 438 4208 apostolice.
483 4123 658 4188 Translens
688 4124 780 4208 ergoi
809 4153 857 4201 per
878 4136 1001 4198 Ytaliam,
1025 4136 1152 4201 pleraque
1180 4137 1282 4188 munita

156 4209 239 4264 locak
259 4209 311 4264 sib'i
337 4214 495 4264 resistencia
522 4217 602 4281 capit,
626 4214 791 4281 tandemque
819 4210 858 4265 2.¹
878 4214 939 4264 Kal.
958 4215 1015 4264 Mai
1040 4215 1153 4266 Romam
1178 4231 1281 4266 summo

157 4374 181 4428 a)
196 4378 322 4416 vocabalum
337 4389 423 4417 erasum
439 4377 458 4416 A
468 4379 487 4425 1,
504 4379 541 4418 sed
555 4379 610 4418 nihil
624 4381 686 4418 deest.
774 4378 798 4430 b)
814 4380 869 4418 deest
885 4379 904 4417 A
915 4381 935 4420 1.
1026 4376 1047 4430 c)
1064 4389 1093 4418 m.
1111 4389 1131 4419 c.
1148 4382 1163 4418 t.
1180 4381 1203 4418 et
1219 4379 1245 4417 in
1260 4389 1280 4418 c.

155 4438 199 4474 des.
215 4437 263 4475 ΑΞ.
294 4452 323 4471 =
354 4435 377 4488 d)
395 4437 513 4477 willelmo
530 4438 573 4478 02.
628 4436 649 4489 s)
666 4439 721 4476 deest
738 4439 782 4479 02.
842 4437 860 4488 f)
877 4443 946 4486 atque
962 4438 1002 4476 Bl
1019 4449 1078 4477 man.
1094 4449 1135 4478 rec.
1197 4435 1220 4487 g)
1235 4438 1279 4485 ng-

155 4495 236 4536 bertus
252 4495 294 4535 01.
357 4496 532 4545 h)ssncti01.
593 4496 610 4547 i)
628 4501 705 4538 autem
722 4497 766 4538 02.
827 4496 852 4547 k)
868 4497 1048 4537 dentatos
1111 4496 1279 4547 imrateca.
