3122 4978
282 315 337 366 226
393 314 581 368 CHRONICA
594 314 707 366 REGIA
722 311 974 365 COLONIENSIS.
995 309 1097 362 CONT.
1110 310 1164 360 ΙΙΙ.
1184 309 1308 362 A.1208.

679 486 846 538 Recensio
866 484 891 536 Ι.
912 493 941 536 et
961 484 1002 536 ΙΙ.

283 567 418 644 nuptam
447 554 632 620 tradidisset
661 555 735 618 duci
757 554 951 633 Meraniae1,
986 562 1114 616 etcum
1135 551 1278 614 maxima
1298 550 1404 637 gloria

283 641 325 705 ad
347 639 568 706 deducendam
582 637 722 724 puellam
736 637 952 724 processisset,
976 645 1007 700 et
1028 657 1177 700 reversus
1191 636 1226 700 in
1240 637 1403 702 civitatem

285 725 352 814 [san
377 725 501 788 uinem³
517 724 550 786 in
565 744 649 787 vena
663 723 830 786 minuisset
845 722 888 806 et]
904 720 1080 785 meridiano
1094 728 1238 807 tempore
1254 721 1404 786 omnibus

282 747 504 876 recedentibus
527 806 613 871 solus
634 809 668 870 in
695 806 837 892 quodam
863 805 950 870 lobio
978 826 1051 868 curn
1081 806 1235 890 episcopo
1258 804 1403 889 Spirensi

283 902 315 960 et
336 891 407 956 aliis
428 890 564 974 duobus,
594 890 715 956 scilicet
737 890 912 954 camerario
941 897 972 953 et
1001 887 1145 986 dapifero
1175 911 1244 969 suo,
1276 911 1401 952 reman-

283 979 386 1060 sisset,
415 975 468 1040 ille
490 976 649 1040 nefariusb
671 974 767 1038 homo
797 996 871 1038 cum
895 974 934 1036 16
962 971 1118 1036 militrbus
1146 975 1276 1037 armatis
1304 973 1402 1038 adve-

282 1062 383 1144 niens,
415 1061 581 1124 introitum
610 1060 712 1144 petiit.
756 1058 820 1139 Qui
852 1078 926 1121 cum
958 1059 1047 1121 iussu
1079 1057 1165 1142 regis
1197 1057 1402 1121 intromissus

191 1155 192 1160 ’
283 1154 397 1224 esset⁰,
426 1143 497 1208 aliis
524 1143 601 1208 foris
624 1142 871 1221 remanentibus,
902 1139 1043 1226 gladium
1072 1142 1207 1206 latenter
1235 1141 1274 1206 de
1302 1164 1401 1206 manu

201 1223 205 1234 ’
284 1228 451 1296 cuiusdam
472 1229 551 1291 armi
577 1227 621 1292 eri
644 1226 716 1290 tulit
737 1237 770 1292 et
790 1227 882 1312 quasi
897 1225 1091 1290 salutaturus
1106 1227 1238 1310 regern¹¹
1254 1227 1401 1292 accessit.

284 1314 390 1395 Quem
413 1335 485 1376 cum
507 1251 660 1376 audacter
680 1313 714 1374 in
737 1311 842 1396 capud
863 1310 933 1374 eius
954 1309 1120 1391 vibrasset,
1151 1331 1214 1373 uno
1236 1311 1304 1374 ictu
1326 1332 1402 1374 eum

282 1397 451 1462 interfecit.
496 1395 568 1476 Quo
597 1397 702 1459 statim
730 1405 867 1476 mortuo,
897 1394 1050 1480 episcopo
1073 1393 1218 1479 Spirensi
1240 1417 1273 1459 se
1296 1395 1402 1459 occul-

283 1491 380 1563 tante,
403 1479 481 1546 alios
504 1482 584 1544 duos
606 1481 640 1542 in
662 1502 736 1544 eum
751 1481 871 1544 irruere
884 1477 1048 1544 volentes⁶
1069 1478 1193 1542 fortiter
1207 1477 1402 1559 vulneravit,

283 1575 316 1630 ct
337 1564 401 1629 sicf
421 1586 579 1650 egressus,
601 1575 756 1630 ascenso&
778 1585 871 1650 cquc,
895 1585 969 1627 curn
992 1564 1057 1626 suis
1078 1561 1190 1646 fugere
1213 1565 1307 1648 cepit.
1345 1563 1402 1628 Sic

283 1672 342 1714 rex
356 1648 537 1734 Philippus,
553 1669 625 1712 eum
646 1670 705 1734 per
722 1649 877 1711 mannos
899 1648 1158 1734 circunquaqueh
1183 1648 1346 1733 potentesi
1369 1656 1404 1711 et

282 1733 405 1798 nobiles
430 1733 696 1818 perdomuissetl,
725 1732 884 1796 civitates¹
907 1740 939 1796 et
959 1732 1143 1816 provincias
1166 1730 1403 1814 subdidissetr,

282 1839 402 1904 paam
432 1819 527 1881 etiam
557 1816 640 1881 sibin
670 1818 732 1880 iam
761 1815 1002 1880 reconciliatum
1030 1814 1176 1897 haberet,
1211 1817 1277 1902 [et⁰
1309 1816 1403 1880 iuxta

282 1840 479 1966 tollintatem
495 1921 585 1964 suam
601 1903 708 1964 omnia
723 1899 785 1964 sihi
796 1922 949 1986 prospere
961 1899 1212 1988 successissentl,
1224 1900 1402 1964 secundum

283 1986 551 2072 disposicionem?
572 1985 646 2067 Dei,
668 1986 702 2048 in
725 1986 814 2049 cuius
836 2007 935 2048 manu
950 1993 1024 2047 sunt
1047 1985 1211 2048 omniumr
1225 1993 1402 2068 potestates

121 2093 182 2135 nan.
199 2095 219 2145 a,
236 2095 272 2134 or.
285 2079 317 2134 et
332 2071 492 2134 omniurnr
504 2070 574 2133 iuro
588 2090 771 2155 regnorum,
792 2078 825 2133 et
846 2069 902 2154 qui
918 2067 1053 2156 [mutat⁰
1069 2079 1214 2152 tempora
1231 2078 1263 2134 et
1279 2071 1404 2155 etatesJ,

283 2154 435 2218 transfert
456 2177 490 2218 re
515 2177 557 2218 na
578 2164 673 2240 atque
696 2154 867 2234 constituit,
900 2154 948 2216 11.
971 2175 1054 2216 anno
1076 2153 1175 2216 vitam
1205 2174 1277 2216 cum
1300 2175 1403 2238 regno

282 2239 434 2324 perdidit.
487 2176 637 2323 Sepultus
666 2249 714 2302 est
745 2237 866 2301 ibidem
900 2237 1044 2324 sequenti
1065 2235 1126 2319 die,
1153 2239 1202 2301 10.
1222 2236 1295 2301 Kal.
1316 2237 1403 2319 Iulii,

172 2323 404 2387 consciliata
425 2323 458 2386 in
479 2323 559 2386 festo
582 2324 683 2386 sancti
705 2321 847 2386 Albini*

367 2406 504 2472 Sifridus
515 2407 614 2491 igitur¹
623 2406 839 2492 Mogontinus,
851 2414 944 2490 capto
956 2403 1043 2490 apud
1054 2403 1309 2469 Wassenberch⁸
1321 2405 1403 2469 Bru-

281 2513 365 2557 none
394 2491 651 2576 archiepiscopo,
681 2490 805 2554 occulta
834 2489 874 2554 da
898 2487 1032 2553 Colonia
1054 2490 1174 2565 exiens,
1197 2489 1331 2553 Romam
1360 2489 1403 2554 ad

281 2573 492 2660 apostolicum
508 2598 542 2639 se
558 2573 728 2656 transtulit,
743 2572 800 2638 ubi
813 2595 872 2658 per
889 2571 1053 2636 biennium
1074 2575 1106 2636 in
1122 2571 1257 2638 ecclesia
1272 2583 1402 2638 sanctae

282 2659 431 2740 Sabinae,
454 2659 511 2723 ubi
533 2658 702 2722 cardinalis
724 2668 800 2738 erat,
821 2657 951 2742 degens,
968 2657 1116 2743 Philippo
1145 2680 1220 2756 rege
1243 2659 1358 2738 occiso,
1381 2679 1403 2720 a

303 2766 366 2829 apa
379 2743 421 2809 ad
436 2744 543 2808 sedem
559 2745 723 2828 propriam
738 2742 918 2821 remittitur,
934 2751 966 2805 et
979 2742 1168 2806 auctoritate
1180 2742 1282 2826 ipsius
1298 2742 1402 2807 eiecto

279 2765 438 2914 hipoldo,
462 2831 481 2891 d
503 2827 628 2891 cunetis
650 2826 852 2912 Mogontiaet
878 2846 950 2888 curn
972 2825 1074 2912 gloria
1089 2827 1270 2910 suscipitur.
1315 2825 1405 2890 Cum.

281 2934 344 2998 quo
357 2912 452 2976 etiam
467 2911 645 2975 Bruno**a
659 2932 744 2996 papa
757 2908 932 2974 honorifice
948 2909 1098 2974 dimissus
1118 2909 1255 2992 rediens,
1269 2911 1303 2973 in
1318 2909 1401 2974 festo

164 3006 464 3060 sot-11sanct0rom
479 3005 656 3081 martyrum
672 2995 782 3058 Proti¹¹
805 2994 985 3070 etlacincti
1007 3016 1080 3058 curn
1099 2996 1240 3058 maximo
1256 2996 1295 3060 tri
1321 2993 1399 3058 udio

282 3088 314 3145 et
328 3079 445 3165 gaudio
467 3101 487 3141 a
503 3091 619 3144 cuncto
641 3078 725 3144 clero
742 3090 774 3144 ct
788 3100 829 3178 po
855 3077 907 3141 ulo
924 3077 1075 3144 Coloniae
1091 3079 1274 3164 suscipitur.
1297 3017 1400 3160 Sed',

280 3163 382 3250 puoch
397 3163 501 3228 dolor!
523 3163 678 3248 gaudium
700 3161 778 3227 illud
793 3101 933 3228 rubrevi
948 3173 1106 3227 mutatum
1129 3163 1224 3226 estin
1239 3184 1398 3226 merorem

281 3259 313 3314 et
333 3248 494 3312 luctumw.
536 3247 619 3311 Nam
642 3258 762 3312 terrore
783 3247 938 3312 adventus
961 3247 1028 3310 eius
1052 3268 1125 3310 cum
1147 3257 1214 3311 tota
1235 3246 1399 3332 provintia

279 3355 300 3398 a
349 3332 523 3398 redonibus
551 3341 688 3418 purgata
717 3333 909 3419 quiesceret,
939 3329 1076 3395 Adolfus
1108 3332 1204 3396 etiam
1233 3329 1395 3416 quondam

280 3355 480 3482 Coloniensis
512 3416 772 3501 archiepiscopus
808 3417 912 3502 gratia
947 3414 1214 3480 reconciliationis
1247 3414 1289 3480 ad
1321 3436 1396 3478 eum

340 3543 368 3604 a)
388 3542 423 3594 Io
444 3539 464 3594 C
483 3543 530 3596 hoc
548 3545 602 3594 loeo
622 3543 752 3608 sequitur:
772 3543 836 3609 Ipso
856 3559 925 3594 anuo
947 3544 972 3592 ³.
987 3542 1052 3594 Idus
1070 3542 1170 3609 Aprilis
1196 3571 1229 3580 -
1257 3548 1398 3608 argenteo,

325 3616 371 3684 **)
391 3619 608 3684 archiepiscopus
628 3616 692 3668 odd.
712 3616 772 3667 Bl.

279 3760 302 3813 a)
323 3764 399 3802 dmum
419 3763 469 3806 Bl.
559 3763 583 3814 b)
607 3773 625 3804 r.
646 3773 746 3802 vesanus
767 3764 789 3804 h.
811 3764 836 3802 to
852 3764 869 3804 0
887 3763 935 3812 repa
950 3762 982 3807 P..
1004 3763 1041 3801 sed
1060 3762 1143 3802 litterar
1164 3763 1203 3802 tae
1226 3763 1315 3802 comae
1335 3767 1394 3804 mor.

280 3820 462 3872 c)f·ntssetB1.
551 3821 574 3873 d)
591 3831 671 3870 regem
687 3826 737 3860 aare
752 3822 795 3862 sal.
809 3827 860 3872 pose
874 3823 944 3873 suppl.
961 3823 1011 3861 Bl.
1087 3820 1109 3872 e)
1125 3822 1259 3862 volentibus
1275 3823 1295 3862 0.
1313 3821 1397 3870 01.2;

279 3882 304 3920 in
321 3892 341 3922 e.
356 3882 372 3921 1.
388 3891 410 3920 v.
422 3885 473 3929 poet
487 3881 559 3931 suppl.
575 3881 625 3923 Bl.
636 3902 662 3911 —
672 3880 773 3928 graviter
788 3881 810 3923 0.
841 3879 924 3931 odocar
940 3883 966 3931 0,-
981 3880 1092 3921 moxBl.
1124 3879 1256 3932 moccense
1269 3886 1319 3931 post
1335 3892 1393 3923 corr,

280 3949 376 3980 moenio
391 3939 439 3979 Bl.
493 3938 518 3991 h)
534 3941 565 3978 iro
582 3940 603 3980 O.
657 3936 674 3988 i)
689 3940 808 3990 principos
823 3941 872 3982 Bl.
925 3938 950 3992 k)
966 3940 1104 3980 subdidisset
1119 3941 1168 3980 Bl.
1228 3939 1246 3992 1)
1261 3941 1396 3990 provincias

278 4004 301 4040 et
317 3998 475 4039 civitatesBl.
519 3998 728 4051 meerdomuisset
742 3999 791 4042 Bl.
837 3997 1023 4050 n)ecorr.B1.
1069 3998 1202 4051 o)des.B1.
1247 3997 1272 4050 p)
1282 4000 1396 4039 sictonam

278 4059 323 4098 Dei
336 4067 444 4107 aspernor.
454 4058 476 4098 0.
537 4057 560 4107 q)
577 4059 724 4100 iumecorr.
742 4059 763 4100 θ,
824 4056 843 4110 r)
858 4059 938 4099 omnia
953 4059 1025 4107 01.2,
1041 4070 1099 4100 corr.
1115 4061 1220 4099 omnium
1236 4059 1264 4108 0,·
1280 4059 1394 4100 deestBl.

278 4115 765 4168 s)wassrnber3131;wiunbergcnr.
796 4116 935 4170 libitam.
966 4116 1078 4170 u)Prothi
1094 4119 1140 4161 Bl.
1150 4120 1192 4160 01.
1204 4119 1224 4160 2.
1257 4116 1398 4169 umento}-

278 4175 308 4228 w)
326 4181 348 4218 et
364 4180 475 4216 terrorem
491 4176 540 4218 odd.
556 4177 592 4216 aed
606 4177 646 4218 dat.
663 4177 685 4226 ο,
