3098 4982
307 374 360 425 320
579 374 764 426 DIALOGUS
786 374 935 426 cusator
955 375 1001 425 ET
1020 374 1132 426 ualet.

307 565 365 629 per
387 542 573 608 electionem
595 542 724 607 habitus
745 541 866 622 fuisset,
887 564 948 607 nec
970 543 1038 607 dux
1065 541 1179 628 aliquis
1201 540 1307 606 adhuc
1334 541 1435 608 hodie

308 650 366 714 per
387 629 571 691 universum
593 626 752 711 inperium
773 649 793 690 a
814 628 879 690 suis
909 627 1091 692 hominibus
1118 649 1255 714 usquam
1284 626 1435 712 eligatur,

309 710 366 775 sed
388 732 447 774 nec
469 733 579 775 eorum
601 711 635 774 in
657 711 725 776 eius
747 711 972 775 constitutione
990 713 1172 797 requiratur
1186 733 1346 792 assensus,
1362 713 1434 776 sive

309 795 377 859 dux
388 795 581 860 hereditario
596 795 666 858 iure
682 795 845 875 succedat,
861 795 929 859 sive
944 794 986 859 ab
1001 795 1192 894 imperatore
1204 797 1434 860 constituatur:

310 879 470 966 quomodo
490 880 526 944 in
543 880 612 943 eius
628 878 723 942 modo
741 879 965 944 constitutione
980 879 1072 944 vobis
1088 879 1149 943 hoc
1170 880 1221 943 ius
1243 879 1434 960 asscribitis,

309 962 395 1049 quod
418 965 485 1028 sine
507 963 599 1029 vobis
618 964 738 1028 assumi
752 986 816 1027 non
831 964 957 1044 debeat,
971 969 1044 1027 cum
1059 986 1101 1028 ex
1116 961 1270 1029 electione
1286 965 1436 1050 episcopi

309 1050 377 1111 eius
400 1059 552 1134 sequatur
574 1047 775 1112 dominium?
796 1048 958 1129 Quoniam
979 1048 1077 1132 igitur
1099 1049 1233 1113 ducatus
1252 1047 1294 1112 ad
1308 1050 1436 1135 episco-

332 1141 421 1196 atum
454 1143 503 1197 est
534 1131 715 1213 translatus,
749 1154 814 1196 non
847 1133 1050 1218 episcopatus
1082 1131 1123 1196 ad
1157 1131 1326 1215 ducatum3
1348 1133 1437 1197 sicut

346 1213 445 1280 risella
466 1216 584 1281 dicitur
604 1217 638 1279 in
659 1216 785 1280 Renum
807 1215 915 1297 fluere,
938 1237 1003 1279 non
1018 1216 1125 1280 Renus
1147 1217 1181 1279 in
1199 1213 1377 1300 Mrisellam,
1402 1227 1437 1281 et

309 1301 418 1364 Renus
440 1300 642 1386 incorporata
664 1299 726 1363 sibi
740 1296 876 1365 Mrisella
898 1322 1029 1364 cursum
1050 1323 1142 1365 suum
1165 1311 1280 1384 servat,
1296 1301 1341 1365 ita
1355 1323 1435 1388 quo-

311 1406 373 1483 que
395 1386 611 1470 episcopatus,
633 1383 784 1448 adiuncto
807 1384 868 1448 sibi
890 1385 1017 1465 ducatu,
1041 1385 1125 1471 quod
1156 1407 1251 1448 suum
1280 1394 1348 1450 erat
1376 1407 1436 1472 op-

309 1469 404 1533 tinuit
425 1476 456 1532 et
478 1470 617 1534 servavit
638 1467 835 1538 electionem.
891 1469 977 1549 Quia
1005 1489 1082 1532 vero
1110 1468 1170 1534 hec
1199 1467 1311 1534 electio
1334 1491 1436 1555 penes

311 1551 431 1616 clerum
453 1563 515 1635 est,
538 1574 611 1618 cum
635 1554 806 1640 episcopus
828 1552 972 1637 eligatur,
994 1564 1122 1617 nonnea
1151 1575 1282 1618 necesse
1310 1563 1368 1636 est,
1400 1563 1437 1619 ut

311 1637 379 1701 dux
406 1659 534 1724 quoque
561 1660 604 1701 ex
631 1659 668 1701 eo
697 1638 876 1702 statuatur?
904 1637 989 1717 Quia
1010 1637 1055 1701 hii
1077 1637 1141 1702 duo
1164 1638 1363 1723 principatus
1387 1638 1435 1701 in-

311 1719 530 1806 separabiliter
552 1725 594 1784 ad
615 1722 754 1786 invicem
775 1721 837 1786 sibi
859 1731 933 1785 sunt
952 1723 1092 1786 connexi
1114 1730 1146 1786 et
1167 1721 1264 1786 simul
1278 1721 1320 1786 ad
1334 1743 1435 1786 unam

313 1806 512 1892 eandemque
534 1806 685 1871 transsire
708 1805 810 1871 solent
831 1827 1011 1892 personam,
1035 1829 1109 1870 cum
1132 1807 1323 1892 episcopum
1338 1805 1435 1871 nobis

312 1888 352 1954 eli
378 1891 470 1988 :mps
493 1889 606 1956 ducem
630 1911 758 1976 quoque
781 1890 877 1974 digne
899 1891 992 1955 vobis
1007 1889 1202 1976 preficimus.
1234 1888 1340 1954 Nichil
1355 1913 1435 1976 ergo

311 1913 405 2040 vobis
427 1975 541 2039 miurie
563 1974 707 2039 fecimus

394 2058 523 2123 Laicus.
566 2058 676 2140 Miror,
700 2057 861 2144 quomodo
884 2059 944 2122 hoc
965 2058 1072 2123 dicere
1093 2059 1207 2145 possis,
1231 2080 1303 2122 cum
1325 2068 1435 2146 preter

311 2143 390 2207 iuris
414 2143 557 2208 ordinem
579 2153 687 2207 actum
710 2144 751 2206 sit
773 2142 859 2230 quod
880 2143 1011 2207 fecistis.
1046 2143 1112 2208 Vos
1135 2144 1220 2208 enim
1241 2143 1318 2207 iuris
1339 2145 1436 2222 periti

313 2238 344 2292 et
374 2249 433 2292 vos
465 2226 621 2292 librorum
652 2226 897 2292 manducatores
930 2227 1036 2292 dicere
1069 2227 1185 2310 soletis,
1219 2227 1306 2313 quod
1338 2249 1434 2292 nemo

312 2313 427 2377 absens
449 2311 638 2376 iudicandus
662 2313 711 2392 sit,
735 2323 766 2377 et
787 2334 844 2376 vos
866 2311 1014 2376 absentes
1043 2334 1111 2393 nos,
1138 2333 1202 2375 non
1230 2312 1343 2376 citatos
1371 2332 1434 2376 nec

313 2398 476 2464 convictos
499 2419 603 2483 neque
626 2395 796 2478 confessos,
820 2396 1122 2460 excommunicastis
1140 2406 1172 2460 et
1186 2406 1285 2460 terras
1307 2405 1435 2460 nostras

313 2482 371 2546 sub
394 2479 563 2545 interdicto
585 2481 748 2567 posuistis.
801 2479 915 2544 Nonne
938 2480 997 2544 tibi
1024 2479 1149 2544 videtur
1175 2479 1235 2545 hec
1264 2479 1434 2544 manifesta

250 2594 253 2598 ·
313 2565 453 2629 iniuria?

398 2648 551 2714 Clericus.
615 2648 681 2712 Nos
715 2647 777 2711 hoc
803 2669 869 2711 non
897 2647 1042 2729 fecimus,
1072 2648 1129 2712 sed
1154 2647 1277 2712 iudices
1311 2647 1434 2712 domini

313 2756 397 2820 pape
423 2734 484 2797 hoc
513 2732 666 2814 fecerunt,
695 2733 751 2818 qui
772 2742 879 2796 tamen
906 2732 984 2795 iuris
1013 2733 1157 2797 ordinem
1186 2753 1203 2796 o
1229 2733 1306 2796 time
1328 2754 1434 2796 serva-

313 2825 438 2882 verunt.
482 2817 564 2880 Nam
585 2817 649 2902 ipsi
670 2825 744 2902 post
765 2816 889 2880 auditas
912 2816 1054 2881 omniurn
1070 2829 1101 2882 et
1116 2755 1312 2915 singularum
1335 2815 1435 2882 cccle-

314 2904 430 2968 siarum
455 2901 671 2986 querimonias
692 2923 749 2965 vos
765 2901 941 2965 citaverunt
956 2909 988 2965 et
1001 2922 1060 2987 per
1074 2901 1268 2965 sufficientes
1285 2899 1434 2965 inducias

314 2987 400 3053 diem
421 2986 455 3049 in
476 2986 545 3050 iure
567 2986 774 3071 comparendi
795 2984 888 3050 vobis
910 2984 1123 3071 prefixerunt3
1146 2995 1273 3049 etcum
1294 2984 1435 3070 amplius

315 3073 392 3137 satis
422 3092 518 3157 quam
545 3091 677 3134 necesse
705 3079 789 3135 esset
815 3070 991 3157 exspectati
1011 3069 1117 3135 fuistis
1145 3078 1178 3134 et
1198 3091 1263 3134 non
1290 3071 1434 3153 venistis,

315 3155 457 3222 debitam
480 3163 589 3218 contra
609 3177 668 3218 vos
689 3152 827 3220 oderunt
849 3153 1048 3232 sententiam.

399 3239 525 3303 Laicus.
569 3238 650 3318 Quis
672 3237 765 3302 nobis
787 3238 870 3302 hanc
893 3237 1077 3303 citationem
1100 3236 1327 3303 denunciavit?

400 3322 552 3388 Clericus.
596 3320 670 3386 Alio
693 3323 787 3387 modo
811 3344 907 3410 quam
929 3324 1112 3387 factumest
1131 3320 1223 3386 vobis
1246 3321 1437 3386 denunciari

314 3430 379 3473 non
401 3408 528 3490 debuit3
552 3407 628 3493 quia
649 3407 772 3472 iudices
795 3407 915 3471 domini
934 3427 1021 3505 pape
1035 3407 1075 3491 ,in
1089 3404 1224 3472 ecclesia
1239 3402 1325 3470 beati
1335 3406 1435 3488 Petri,

315 3515 377 3580 que
399 3501 505 3557 vestra
527 3499 576 3554 est
597 3490 804 3577 parrochialis
828 3489 973 3573 ecclesia,
996 3501 1027 3555 et
1048 3491 1083 3554 in
1112 3512 1175 3576 qua
1203 3490 1351 3554 sinodum
1378 3513 1435 3575 pa-

315 3577 408 3642 storis
430 3575 538 3656 vestri,
560 3574 594 3639 id
617 3586 665 3640 est
686 3576 931 3661 archiepiscopi,
955 3596 1081 3639 servare
1104 3574 1225 3640 debetis
1253 3595 1291 3638 ac
1314 3572 1435 3656 soletis,

314 3684 373 3726 vos
396 3661 576 3725 citaverunt
596 3669 628 3724 et
650 3683 721 3724 eam
743 3660 926 3725 citationem
947 3659 980 3722 in
1000 3657 1130 3744 publico
1157 3658 1338 3723 emiserunt.
1395 3659 1436 3722 In

314 3745 396 3810 villis
418 3747 532 3810 vestris
554 3745 581 3808 si
602 3742 717 3830 aliquis
740 3745 885 3809 citandus
907 3752 956 3808 est
977 3744 1034 3828 qui
1047 3744 1131 3807 intra
1144 3741 1345 3829 parrochiam
1368 3764 1436 3806 mo·

314 3840 412 3910 ratim,
434 3850 539 3892 nonne
563 3829 669 3893 citatio
692 3852 712 3892 a
734 3828 899 3894 sacerdote
914 3828 948 3890 in
963 3826 1098 3891 ecclesia
1112 3835 1185 3890 ante
1201 3825 1299 3891 altare
1316 3827 1436 3892 emissa

316 3913 434 3978 sufficit
455 3913 524 3976 sine
546 3911 653 3999 aliqua
674 3912 822 3978 ulteriore
849 3911 1113 3976 denuntiatione?
1146 3909 1250 3976 Simili
1278 3911 1374 3975 modo
1403 3920 1437 3975 et

314 3996 375 4062 hec
402 3997 547 4061 sufficere
577 3995 696 4078 debuit,
724 3997 891 4083 presertim
928 3996 1003 4084 quia
1027 4017 1085 4060 vos
1116 3997 1200 4060 intra
1233 3994 1437 4094 parrochiam

314 4090 466 4163 vestram,
488 4081 521 4144 id
544 4089 593 4145 est
613 4081 845 4180 episcopatum,
867 4081 1052 4162 moramini,
1075 4089 1143 4146 tota
1164 4078 1322 4165 siqu1dem
1342 4077 1438 4144 Colo-

315 4166 434 4232 niensis
457 4163 589 4230 ecclesie
612 4165 748 4230 diocesis
770 4176 875 4232 vestra
897 4175 945 4230 est
965 4164 1143 4252 parrochia.

316 4327 339 4383 a)
355 4363 360 4374 .
380 4339 410 4373 ,ἵ
427 4341 440 4372 e
455 4330 479 4370 io
494 4340 563 4380 mart,
579 4330 650 4380 suppl.
667 4341 684 4372 c.
722 4341 724 4345 ’
