3098 4982
175 379 363 434 eunomus
376 379 488 434 susm
502 378 754 433 conouluusls.
775 379 879 431 OONT.
889 381 922 432 V.
942 380 1160 432 statamus.
1206 380 1259 432 283

137 549 240 630 fluite,
273 548 369 612 cumb
399 547 659 633 archiepiscopus
691 569 763 612 cum
792 546 906 612 militia
933 547 1113 614 coadunata
1141 558 1260 614 terram

138 634 264 698 comitis
279 631 465 696 iuliacensis
480 631 739 717 aggredereturt.
788 631 909 700 Contra
924 654 1020 718 quem
1042 632 1128 697 idem
1151 655 1259 698 comes

140 717 329 783 Iuliacensis
351 725 383 780 et
406 715 537 802 quidam
564 715 688 781 nobiles
719 726 751 780 et
777 716 959 802 imperiales
989 716 1112 782 viribus
1139 718 1259 782 instau-

67 799 73 812 ’
138 803 216 867 ratis
239 810 441 865 occurrentes
469 809 501 864 et
527 801 589 863 nisi
610 802 740 865 vincant
766 801 849 864 mori
876 801 1155 887 parvipendentes,
1185 811 1259 866 ante

142 896 282 953 castrum
297 883 480 949 Lechcnicb
502 883 701 949 dimicarunt.
735 884 801 950 Ubi
816 895 890 971 post
904 885 1093 949 acerrimam
1115 907 1259 971 pugnam

139 980 173 1035 et
193 970 322 1056 longam
343 969 558 1032 resistentiam
580 969 754 1056 episcopus
778 969 913 1055 capitur,
936 979 967 1034 ct
989 970 1121 1055 quidam
1142 969 1259 1035 milites

140 1074 215 1119 cum
237 1076 284 1119 eo.
328 1054 440 1118 Preter
465 1054 698 1118 estimationem
721 1062 829 1117 autem
858 1055 892 1116 in
919 1051 1003 1118 bello
1029 1063 1117 1124 tanta
1139 1055 1260 1118 animo·

140 1140 234 1203 sitate
255 1139 417 1223 utrimque
440 1136 586 1201 confecto
601 1137 707 1201 nullus
728 1137 872 1201 famosus
886 1136 938 1200 vel
952 1139 1139 1222 paucissimi
1153 1137 1260 1223 plebei

138 1223 328 1286 interierunt
354 1232 461 1308 preter
479 1219 622 1286 villicum
643 1220 674 1284 A
698 1234 869 1300 uensem1,
923 1223 956 1284 ui
985 1221 1032 1286 ibi
1053 1220 1140 1286 lesus
1162 1221 1259 1307 paulo

138 1316 214 1392 post
235 1303 327 1388 obiit3
351 1305 558 1390 etRutgerus
580 1243 771 1370 castellanus
793 1243 1137 1390 derlekenburgle
1152 1305 1261 1371 vulne-

140 1399 229 1464 ratus
244 1389 364 1454 ibidem
380 1400 413 1454 et
427 1399 561 1476 captus⁰
575 1398 648 1474 post
663 1412 783 1474 paucos
799 1388 867 1455 dies
883 1391 1052 1476 expiravit.
1080 1390 1262 1476 Episcopus

142 1495 215 1539 cum
238 1475 437 1560 concaptivis
459 1475 492 1537 in
511 1483 614 1538 castro
630 1473 859 1539 Niedeckenfs
883 1473 1027 1538 custodie
1050 1475 1261 1559 mancipatur.

141 1558 215 1639 Quo
242 1560 276 1622 in
306 1559 490 1644 captivitate
518 1556 656 1638 detento,
679 1557 857 1641 Conradus,
886 1558 970 1622 filius
992 1559 1206 1643 imperatoris,
1228 1581 1262 1624 se

140 1642 285 1707 habens&
313 1663 372 1729 pro
401 1665 487 1727 rege,
516 1643 683 1706 Treverim
709 1644 813 1725 venit;
846 1640 904 1706 ubi
936 1641 1028 1705 multi
1056 1641 1180 1707 nobiles
1207 1642 1263 1707 ad-

140 1728 271 1792 fuerunt
297 1739 329 1792 et
350 1727 473 1812 priores
496 1724 702 1791 Colonienses
731 1749 790 1812 pro
821 1727 951 1790 domino
981 1746 1038 1790 suo
1069 1736 1164 1812 capto
1193 1727 1262 1792 sine

141 1810 288 1897 profectu
323 1809 550 1896 supplicantes.
604 1812 687 1874 Nam
720 1833 779 1874 rex
813 1809 977 1896 digressus
1009 1809 1166 1875 Leodium
1202 1833 1261 1896 pro

139 1894 325 1959 adiuvando
341 1894 460 1959 Ottone
475 1892 586 1975 electo,
605 1893 773 1959 Coloniam
795 1895 829 1957 in
844 1894 1091 1981 quadragesima
1106 1896 1261 1980 pervenit,
1271 1877 1338 1978 {2¹21

141 1979 337 2044 contendens
371 1978 547 2043 confiscare
579 1978 723 2044 redditus
756 1978 972 2064 episcopalem
1010 1978 1067 2042 sed
1123 1979 1261 2044 rioribus

142 2061 388 2129 Coloniensibus
404 2072 435 2128 et
446 2062 651 2148 magnatibus
667 2072 750 2128 terre
764 2062 825 2127 boc
839 2085 880 2128 ne
894 2063 986 2127 fieret
998 2001 1261 2149 impedientibus,

140 2172 201 2216 rex
222 2150 328 2214 inacte
348 2147 391 2212 ad
413 2168 487 2212 suas
508 2156 616 2232 partes
630 2148 809 2212 revertitur.

229 2236 304 2319 Ipso
326 2253 411 2296 anno
432 2231 467 2294 in
486 2234 625 2296 crastino
653 2232 796 2295 omnium
823 2239 1006 2295 sanctorum
1033 2243 1106 2315 post
1133 2231 1263 2316 longam
1272 2260 1360 2302 sata

142 2317 406 2383 deliberationem
432 2315 475 2379 ad
503 2314 682 2380 bonoruml
709 2315 960 2400 persuasionem,
981 2337 1046 2379 non
1067 2326 1173 2381 tamen
1195 2317 1263 2381 sine

143 2401 243 2467 multa
257 2403 395 2488 pecunia
410 2422 469 2487 pro
485 2400 666 2487 sumptibus
680 2398 756 2465 belli
770 2399 811 2464 ab
826 2397 1068 2486 archiepiscopo
1084 2422 1123 2464 ca
1147 2401 1262 2465 tivatoi

142 2509 219 2552 acce
243 2497 285 2568 ta,
312 2507 422 2550 comes
444 2483 631 2549 Iuliaconsis
652 2483 826 2550 consultius
891 2505 947 2548 ens
968 2485 1076 2570 ipsum
1098 2423 1262 2551 allsolvitt

258 2569 352 2634 odem
374 2591 458 2634 anno
480 2569 618 2633 domnus
640 2569 801 2634 Henricus
822 2505 925 2632 llll.k
954 2569 1055 2634 abbas
1077 2571 1263 2635 monasterii

143 2655 244 2718 nostri
271 2653 381 2718 Sancti
414 2651 639 2718 Panthaleonis
675 2653 764 2719 obiit.
819 2652 883 2718 Oui
918 2664 992 2738 post
1023 2652 1262 2718 altercationem

143 2737 306 2802 electionis
334 2738 369 2800 in
391 2736 553 2801 discordia
574 2736 743 2821 celebrate,
766 2738 826 2802 sed
848 2759 906 2823 per
927 2739 1058 2802 Patrem
1080 2739 1261 2803 misericor-

144 2821 270 2885 diarum
292 2820 333 2884 ad
356 2819 561 2884 concordiam
581 2821 722 2903 seducte,
745 2822 961 2905 Hermannus,
984 2821 1131 2888 eiusdem
1152 2843 1262 2887 mona-

145 2907 233 2970 sterii
254 2903 440 2979 monachus,
463 2906 626 2969 successit.
1343 2910 1347 2919 '

524 2986 619 3052 Anno
641 2988 774 3053 Domini
792 2989 884 3053 1243.

225 3072 411 3137 Fridericus
432 3073 606 3158 imperator
650 3071 786 3136 uosdam
797 3073 992 3136 Faventinus
1013 3073 1145 3138 iterum¹
1161 3072 1263 3138 rebel·

141 3156 244 3222 lantes
259 3157 293 3221 in
307 3155 440 3223 exilium
454 3157 566 3237 mittit,
582 3166 615 3222 et
628 3094 747 3220 cribinde
758 3155 946 3242 procedens,
959 3154 1073 3240 Tybur
1087 3157 1262 3240 ingressus,

142 3242 249 3391 ppisbsis
277 3241 325 3305 ibi
352 3239 517 3322 militibus,
550 3241 752 3327 expugnavit
773 3241 937 3304 Romanos
964 3262 1066 3326 usqua
1089 3239 1131 3304 ad
1153 3251 1262 3325 portas

176 3349 253 3390 ris.

225 3412 289 3475 Per
321 3409 409 3475 idem
445 3419 573 3494 tempus
604 3407 723 3473 domno
760 3405 1004 3493 archiepiscopo
1041 3428 1171 3471 causam
1204 3430 1262 3473 sue

143 3496 339 3580 captivitatis
366 3515 474 3559 coram
503 3493 665 3580 prioribus
691 3501 723 3557 et
755 3491 839 3556 clero
868 3501 1049 3576 exponente
1072 3501 1105 3556 et
1127 3513 1182 3557 eos
1203 3513 1263 3578 pro

143 3645 338 3697 slinterfuitllt.
360 3647 506 3701 blaesum.
530 3647 979 3700 e)aggressurumaggredtreturm.
1002 3645 1026 3698 (1)
1035 3647 1263 3697 WolckenbsrgD13

142 3706 333 3755 wolchenburssh
349 3707 369 3746 D
379 3709 399 3750 2.
436 3707 460 3758 e)
476 3711 499 3749 st
514 3711 596 3758 captus
611 3707 698 3747 ibidem
714 3707 734 3745 D
744 3709 764 3746 2.
810 3705 988 3757 thichtecken
1005 3706 1052 3748 Dl.
1099 3705 1123 3756 g)
1139 3706 1195 3745 deest
1211 3706 1232 3745 1>
1242 3707 1263 3758 2,

142 3765 181 3804 ute·
195 3775 220 3804 ss
236 3765 332 3808 datum.
376 3765 400 3818 h)
417 3767 530 3807 honorum
546 3767 594 3808 Du.
639 3764 657 3817 t)
674 3764 831 3816 captivom.
876 3763 1048 3816 k)111.1>1.t.
1086 3765 1103 3816 l)
1119 3766 1263 3806 Faventinos

145 3825 171 3863 tn
186 3824 282 3864 exilium
297 3826 381 3865 iterum
397 3827 468 3866 mittit
482 3827 531 3870 Μ.
608 3865 612 3872 ,
669 3817 675 3826 ’

147 3939 176 4007 1)
200 3941 335 3994 lohannes
366 3945 491 3996 scultetus
515 3941 656 4009 Aquensis,
688 3943 735 4010 qui
764 3941 794 3993 in
825 3942 920 3994 oborta
952 3942 1019 3993 anni
1050 3943 1131 4007 1241,
1149 3942 1215 3996 Deo.
1236 3943 1261 3994 1.

145 4014 309 4079 (Lacomblet
337 4015 379 4079 Il,
412 4017 474 4080 134,
504 4035 547 4070 nr.
579 4018 645 4081 260)
678 4015 733 4068 iam
762 4033 848 4082 atussa
879 4016 1002 4080 laudata,
1036 4025 1262 4070 commemoratur.

144 4088 541 4158 Ann01243.menseduqusto
556 4091 611 4142 iam
624 4090 761 4142 Arnoldus
774 4089 807 4140 de
818 4087 980 4141 Gimmeniolr
994 4091 1118 4142 enudetur
1131 4089 1263 4155 Aquensis

144 4162 300 4215 nominatur
322 4164 351 4214 s'n
377 4164 471 4215 oborta
496 4163 664 4230 imperatoris
688 4181 733 4230 op.
752 4163 1035 4216 Haesura-Brennus
1061 4163 1106 4227 VI,
1135 4163 1195 4216 110.
1228 4162 1263 4216 A.

146 4235 176 4303 2)
195 4234 240 4288 Aa
259 4239 343 4289 saltus
364 4235 572 4305 Siebenqebirqe.
598 4236 631 4292 A.
719 4240 748 4304 3)
769 4237 921 4305 Medeppen
941 4238 979 4288 od
997 4237 1067 4290 Beer
1079 4238 1189 4303 flumen.
1228 4235 1263 4288 A.

146 4308 176 4375 4)
202 4308 231 4362 V.
257 4309 418 4363 eruditiones
443 4312 476 4363 ab
505 4310 700 4378 webiepisoopo
724 4329 777 4378 pro
805 4309 922 4363 libertate
950 4309 1103 4376 reomundn
1127 4308 1210 4361 initus
1233 4307 1263 4360 in

146 4383 240 4434 charta
258 4385 376 4436 eiusdem
395 4402 440 4451 ap.
459 4383 610 4437 Lucornblet
628 4385 671 4452 II,
685 4403 718 4453 p.
739 4386 801 4438 139.
833 4384 867 4437 A.
