3122 4978
300 403 354 455 188
392 402 581 456 011Βο111111
592 403 706 456 nunu
719 402 972 455 conormtrtsls.
992 401 1096 454 GOR'l'.
1106 402 1145 452 11.
1163 402 1384 455 Δ.1211.1212.

299 573 518 660 perversitate,
545 594 588 637 ex
615 571 773 636 sententia
804 570 947 634 omnium
991 567 1170 652 reiudicati,
1190 569 1280 634 ducti
1300 572 1423 636 suntin

299 678 462 756 campum,
490 655 548 720 ubi
574 655 609 718 in
635 665 811 740 conspectu
831 656 930 720 totius
982 654 1030 718 eri
1049 674 1089 718 ao
1119 675 1162 739 po
1187 654 1233 718 uli
1253 653 1423 740 degradati
1543 715 1550 737 q

300 739 501 826 clericalique
532 739 623 804 exuti
654 737 841 825 privilegio,
872 739 958 823 regis
990 737 1135 802 custodie
1163 677 1309 824 deputati
1335 750 1423 804 sunt.

301 825 375 906 Quo
402 845 468 889 non
494 823 595 888 multo
627 835 702 908 post
732 844 890 908 regresso,
922 823 957 885 in
989 823 1059 886 eius
1088 833 1249 887 conventu
1280 822 1420 888 flammis

300 908 407 974 exusti
439 919 523 973 sunt
578 907 680 972 Erant
710 916 820 971 autem
850 909 891 970 14
917 917 984 970 tam
1016 904 1124 970 clerici
1152 905 1274 972 diversi
1299 906 1421 972 ordinis

300 1013 398 1079 quam
425 1001 458 1058 et
481 991 565 1074 laici,
597 992 654 1078 qui
680 989 849 1055 diabolicis
877 990 959 1054 adeo
987 990 1102 1055 irretiti
1128 990 1421 1057 machinationibus

300 1083 401 1158 erant,
430 1085 466 1140 ut
493 1077 615 1140 necin
643 1076 717 1162 ipso
743 1075 856 1139 mortis
885 1073 1020 1139 articulo
1050 1073 1151 1138 ullum
1172 1077 1207 1138 in
1234 1076 1282 1139 eis
1310 1086 1422 1162 posset

298 1158 457 1247 perpendi
491 1158 646 1224 indicium
681 1160 871 1246 penitentie,
905 1157 963 1223 sed
998 1167 1104 1223 mente
1139 1158 1301 1224 obstinata
1336 1158 1422 1224 ultro

298 1253 396 1331 atque
417 1243 564 1310 certatim
585 1264 624 1307 co
665 1246 731 1308 oris
752 1251 785 1308 et
809 1244 916 1307 anime
945 1264 1016 1307 sese
1037 1242 1230 1328 ingerebant
1250 1243 1422 1330 supplicio.

385 1326 510 1393 Eodem
524 1347 608 1392 auno
654 1326 889 1391 ummilinusm
908 1349 968 1392 rex
981 1326 1111 1410 Affiice,
1129 1326 1264 1394 collecto
1276 1329 1423 1393 innume·

299 1410 395 1478 rabili
409 1411 565 1490 exercitu,
586 1410 812 1494 transnatavit,
833 1410 1015 1498 multasque
1028 1412 1178 1496 regiones
1191 1413 1226 1475 in
1240 1412 1423 1476 cismarinis

299 1496 446 1584 partibus
467 1495 695 1582 pertransiens,
717 1506 834 1560 cuncta
848 1497 1000 1581 potestati
1022 1517 1078 1559 suc
1100 1495 1253 1579 subiecit3
1275 1495 1422 1561 tandem·

299 1602 364 1668 que
395 1601 532 1664 regnum
554 1578 783 1664 Hyspanorum
814 1580 989 1665 ingressus,
1022 1601 1056 1643 re
1081 1600 1132 1645 em
1159 1579 1244 1644 bello
1273 1590 1425 1666 potenter

299 1665 446 1751 appetiit,
467 1674 607 1728 castrum
623 1662 787 1749 quoddam
801 1602 1274 1750 inexpugnabilelrumanoque
1288 1664 1421 1749 ingenio

299 1745 516 1835 insuperabile
537 1748 710 1834 superavit,
732 1746 907 1830 destruxit3
931 1747 1144 1833 omnibusque
1165 1770 1226 1834 pro
1241 1747 1336 1812 libitu
1349 1769 1421 1833 per·

299 1833 391 1915 actis,
411 1832 475 1918 ipsi
489 1832 559 1917 regi
573 1833 725 1918 omnique
746 1831 867 1931 populo
888 1844 972 1897 terre
994 1833 1142 1919 sequenti
1162 1854 1246 1896 anno
1267 1833 1302 1895 in
1322 1853 1421 1896 manu

299 1915 373 1981 forti
403 1937 438 1981 se
465 1915 570 1982 denuo
598 1925 770 1981 venturum
796 1917 1030 1997 interminatus,
1056 1917 1090 1979 in
1118 1925 1237 1980 terram
1259 1937 1350 1980 suam
1372 1937 1419 1980 re-

298 2021 411 2066 versus
432 2010 491 2066 est.

383 2083 555 2148 Heinricus
580 2083 648 2148 dux
670 2083 844 2149 Brabantie
864 2083 1022 2148 Leodium
1048 2085 1212 2149 civitatem
1233 2104 1306 2147 oum
1329 2105 1420 2148 exer-

300 2167 367 2232 citu
390 2168 564 2253 ingressus,
592 2166 704 2232 soliis
733 2178 766 2233 et
794 2169 928 2234 cedibus
955 2169 990 2231 in
1016 2170 1104 2232 cives
1124 2167 1226 2232 multa
1248 2165 1422 2233 crudeliter

300 2262 452 2338 operatus
483 2260 562 2316 est².
608 2190 778 2317 gammam
806 2274 935 2339 quoque
961 2249 1141 2334 ecclesiam,
1169 2253 1271 2316 sancti
1297 2251 1421 2318 scilicet

299 2335 474 2416 Lamberti,
489 2335 662 2401 confractis
673 2336 787 2417 ianuis,
804 2337 942 2400 cruentis
954 2335 1102 2401 manibus
1113 2335 1270 2401 hostiliter
1279 2337 1419 2419 intravit,

299 2440 359 2486 noc
380 2420 426 2487 ibi
447 2420 570 2506 rapinis
591 2441 745 2520 paroens;
767 2419 852 2484 unde
869 2419 911 2484 ab
928 2422 1080 2506 episcopo
1094 2419 1273 2485 Leodiense
1295 2429 1419 2485 senten·

299 2504 378 2570 tiam
400 2512 741 2569 excommumcatioms
763 2505 899 2602 excepit

539 2586 634 2650 Anno
657 2586 816 2652 dominice
837 2589 1065 2653 incarnationis
1088 2588 1179 2654 1212.

178 2695 289 2737 sams.
386 2670 463 2736 Otto
494 2672 670 2757 imperator
700 2672 735 2734 in
765 2669 901 2756 palmis³
934 2672 1022 2759 apud
1047 2672 1275 2737 Frankenvort
1295 2673 1421 2736 curiam

300 2753 484 2837 celebravit,
505 2755 562 2820 ubi
584 2755 714 2841 quidem
728 2755 820 2820 multi
834 2757 998 2842 principes
1021 2767 1246 2838 convenerunt
1270 2755 1327 2821 sed
1348 2778 1420 2856 pre-

300 2836 437 2902 latorum
458 2837 665 2903 ecclesiarum
693 2837 799 2904 nullus
820 2840 974 2905 accedere
1000 2839 1150 2922 audebat,
1180 2862 1217 2906 eo
1240 2839 1329 2927 quod
1349 2862 1419 2926 ipse

300 2924 475 3022 imperator
501 2923 843 2988 excommunicationis
871 2925 1028 2990 sententia
1052 2923 1158 2989 adhuc
1180 2933 1342 2990 teneretur
1363 2923 1419 2990 ob·

299 3027 426 3071 nox1us.

382 3090 465 3155 Item
486 3112 545 3155 rex
565 3091 687 3156 Affrice
707 3090 939 3174 Mummilinus,
960 3093 1131 3158 transiecto
1153 3092 1244 3173 mari,
1265 3092 1299 3154 in
1313 3089 1419 3156 multi-

300 3173 411 3240 tudino
439 3175 532 3259 gravi
560 3184 677 3240 terram
703 3175 935 3263 Hyspauorum
962 3199 1073 3241 nusus
1099 3177 1261 3262 ingressus
1283 3186 1340 3240 est.

383 3257 423 3322 In
442 3280 552 3324 mense
579 3257 660 3324 Iulio
687 3261 862 3346 imperator
888 3281 962 3324 oum
984 3261 1141 3326 immenso
1167 3260 1312 3326 exercitu
1332 3257 1419 3323 Thu-

299 3342 436 3428 ringiam
458 3344 632 3428 ingressus,
658 3353 775 3408 terram
797 3343 968 3430 lantgravii
988 3343 1127 3410 totaliter
1147 3343 1303 3428 dissipare
1325 3364 1419 3408 cona-

298 3424 403 3508 batur,
437 3428 586 3526 quatinus
621 3429 729 3514 ipsum
757 3426 980 3513 lantgravium,
1017 3450 1113 3527 quem
1145 3429 1238 3514 quasi
1266 3425 1418 3492 rebellem

299 3531 338 3574 ao
368 3533 460 3596 regm
491 3513 589 3576 totius
621 3511 746 3577 hostem
778 3511 918 3577 habebat
943 3533 1146 3598 precipuum,
1178 3511 1239 3576 bac
1265 3533 1419 3598 pressura

299 3592 360 3658 sibi
384 3594 580 3679 subiugaret,
602 3617 734 3682 sperans
757 3617 831 3660 eum
852 3618 913 3682 pro
934 3596 1078 3660 amicitia
1098 3617 1136 3660 ac
1154 3595 1259 3681 gratia
1280 3597 1418 3682 impera·

299 3679 378 3742 toris
401 3679 613 3764 promerenda
634 3679 728 3744 malle
751 3702 770 3745 o
796 3702 883 3744 eram
905 3680 991 3762 dare,
1015 3702 1112 3766 quam
1134 3681 1232 3746 totius
1253 3689 1336 3745 terre
1358 3700 1416 3744 sue

300 3759 529 3827 desolationem
552 3764 718 3828 sustinere.
792 3786 883 3828 erum
904 3763 971 3829 lant
1011 3765 1101 3828 avius
1122 3763 1211 3828 velut
1231 3762 1280 3828 leo
1301 3765 1418 3828 mentis

299 3844 462 3931 impavide
485 3846 688 3932 quodamque
717 3849 832 3933 spiritu
853 3847 963 3914 fortitu
986 3848 1048 3912 inis
1075 3848 1245 3932 animatus,
1275 3869 1349 3912 cum
1371 3849 1418 3912 in·

300 4003 323 4060 a)
339 4006 497 4048 Nuutrullluus
513 4006 568 4060 Δὶς
583 4019 631 4050 moa
646 4009 812 4050 Nummtltnus.

303 4134 331 4206 1)
351 4137 369 4190 i.
389 4154 411 4191 e.
424 4135 721 4205 Επιίν-εΖ-Μιιηιεπὶπ,
740 4141 1165 4194 muhammad-Atuatucam.
1241 4139 1271 4208 2)
1292 4140 1371 4203 Quod
1390 4158 1418 4194 a.

303 4211 382 4262 1212.
395 4211 502 4278 sactum
515 4215 585 4265 Aac.
596 4213 706 4267 Beineri
718 4213 800 4267 Laod.
820 4216 940 4279 traduat,
957 4213 1006 4268 SS.
1019 4215 1097 4279 XVI,
1111 4233 1139 4282 p.
1160 4215 1222 4265 664.
1298 4213 1328 4281 3)
1345 4212 1417 4264 Ana.

300 4281 409 4337 Balacri
433 4283 515 4339 Laod.
542 4287 559 4339 l.
584 4289 610 4350 1.,
642 4287 697 4339 iam
727 4287 860 4339 dominico
887 4287 1003 4341 Laetare
1034 4289 1136 4340 cariam
1166 4289 1324 4340 celebratam
1351 4303 1417 4350 esse,

300 4354 407 4483 dictptta
435 4359 482 4412 aad
509 4359 664 4427 diplomata,
697 4361 880 4427 imperatorem
912 4362 939 4415 d.
973 4361 1091 4412 16-20.
1120 4361 1296 4428 Francosorta'
1316 4359 1416 4426 faisse,

295 4445 348 4498 pro
367 4438 420 4484 cast.
