3098 4982
314 321 367 372 298
442 321 630 373 CHRONIOA
649 321 761 372 REGIA
781 320 1035 373 COLONIENSIS.
1056 321 1159 372 CONT.
1171 322 1203 372 V.
1224 321 1256 372 Δ.
1270 321 1351 372 1249.

313 511 389 574 rege
412 487 530 636 Cyppi¹
554 488 661 573 ipsum
682 496 896 574 prosequente
919 487 1052 552 classem
1074 509 1217 572 movens,
1239 487 1372 553 devenit
1397 487 1450 552 ad

313 582 443 661 partes·
493 573 602 659 gypti,
630 570 687 635 ubi
708 570 800 636 Nilus
829 592 917 636 mare
945 571 1058 655 influit,
1083 571 1344 658 Sarracenisque,
1380 574 1449 657 qui

313 666 440 742 portum
463 657 669 724 observantes
698 655 820 720 aditum
846 655 1072 743 prohibebant,
1103 667 1231 722 strenue
1260 656 1318 721 sed
1347 654 1448 721 labo·

314 742 398 805 riose
420 740 563 820 devictis,
586 749 829 804 castrametatus
851 750 901 804 est
929 752 1003 806 ante
1032 741 1194 806 civitatem
1214 741 1447 806 Damiataml‘.

315 823 416 890 Cuius
438 825 528 890 urbis
550 825 677 889 civibus
721 827 814 889 artim
843 825 877 888 in
898 823 1051 890 conflictu
1072 836 1205 911 portus⁰
1228 825 1338 890 habito
1362 846 1447 911 pro-

315 911 431 990 stratis,
462 909 578 994 partim
611 909 653 973 ad
676 846 912 973 observandum
934 909 1014 974 alios
1036 920 1148 994 portus
1175 911 1316 973 marinos
1338 917 1447 973 antea
1521 963 1522 982 2

314 994 528 1075 transmissis,
571 992 627 1057 ubi
669 1014 779 1078 regem
815 993 951 1057 Fhancie
994 993 1152 1059 timebant
1186 993 1446 1080 applicatarum,
1520 997 1522 1040 ἓ

315 1099 349 1142 se
374 1079 462 1142 uenti
482 1076 535 1143 die
556 1099 616 1142 rex
630 1077 777 1159 Francie,
799 1085 885 1141 statu
907 1079 1047 1143 civitatis
1069 1077 1245 1162 explorato,
1268 1078 1446 1142 civitatem

313 1099 511 1226 indefensam
547 1161 736 1246 ingreditur,
779 1160 912 1309 gradem
941 1163 1134 1249 copiosam⁴¹
1168 1163 1331 1227 inventam
1370 1161 1446 1226 suis

313 1244 362 1311 lar
384 1247 461 1329 itur3
504 1247 697 1331 episcopus⁰
732 1246 778 1311 ibi
803 1267 853 1309 em
889 1246 1073 1328 instituitur,
1118 1246 1220 1310 clerus
1257 1246 1445 1328 ordinatur,

314 1353 335 1395 a
356 1353 374 1395 c
397 1331 536 1394 ristianis
558 1330 649 1394 factis
670 1328 716 1394 ibi
738 1328 972 1395 habitatoribus
992 1352 1070 1394 vera
1091 1330 1204 1416 religio
1225 1339 1445 1415 propagatur.

232 1437 274 1478 oa.
284 1439 303 1476 1.
398 1414 476 1500 Ipso
498 1435 581 1478 anno
608 1414 643 1477 in
664 1412 744 1478 festo
766 1414 907 1498 Remigii
936 1413 1091 1481 militibus
1118 1425 1151 1479 et
1178 1413 1349 1500 oppidanis
1373 1415 1445 1478 Bo-

314 1497 427 1562 bardia
459 1498 674 1562 conditionem
704 1499 816 1561 initam
848 1497 958 1586 [regis]
992 1521 1057 1564 non
1089 1498 1339 1578 exsolventibus,
1377 1520 1445 1562 rex

315 1581 517 1664 Wilhelmus,
532 1583 717 1647 instauratis
733 1583 799 1646 suis
814 1581 949 1664 viribus,
966 1582 1158 1664 Coloniensi,
1173 1582 1445 1666 Mogontinensiss

315 1675 348 1732 et
365 1667 556 1732 Treverensi
577 1665 832 1753 archiepiscopis
853 1676 886 1731 et
907 1665 1008 1730 electo
1023 1666 1196 1732 Leodiensi
1216 1669 1225 1730 i
1252 1689 1323 1731 sum
1345 1666 1443 1730 adiu-

314 1749 475 1833 vantibuS,
503 1750 657 1814 insultum
679 1762 790 1815 contra
811 1750 1008 1817 Bobardiam
1029 1751 1168 1816 molitur.
1213 1688 1299 1816 Slddh
1321 1749 1442 1815 intelli·

315 1857 404 1920 gens,
434 1832 620 1922 Philippum
648 1833 688 1898 de
710 1834 854 1900 Hovels²
884 1834 1122 1921 quosdamquei
1155 1836 1288 1900 comites
1315 1844 1347 1899 et
1368 1835 1442 1898 fau-

315 1929 400 1984 tores
415 1918 572 1985 Friderici
615 1919 755 1983 uondam
776 1919 979 2006 imperatoris
999 1919 1040 1984 de
1055 1921 1274 2006 superioribus
1289 1917 1441 2005 partibus
1457 1945 1459 1948 ¹

315 2004 350 2067 in
378 2025 569 2068 succursum
593 1941 864 2067 bobardiensium
891 2005 989 2067 curnl
1016 2025 1114 2067 manu
1144 2004 1220 2068 forti
1251 2003 1439 2086 adventare,

316 2089 422 2152 inacte
451 2110 471 2152 a
496 2086 660 2152 Bobardia
685 2086 793 2158 reditl.
838 2087 940 2151 Fama
966 2089 1063 2153 etiam
1090 2086 1324 2170 crebrescebat,
1353 2087 1441 2152 Oon-

315 2170 440 2254 radam,
461 2172 621 2236 nothumm
636 2170 795 2236 Friderici
817 2170 980 2257 quondam
1001 2173 1213 2258 imperatoris,
1235 2173 1268 2235 in
1288 2171 1439 2258 partibus

318 2257 436 2322 Suevie
457 2265 604 2341 potenter
618 2277 714 2339 agere
735 2257 770 2318 in
790 2277 921 2320 suorum
937 2255 1154 2321 destructione
1169 2257 1438 2338 adversariorum,

317 2340 358 2406 de
381 2339 519 2426 quibusn
547 2340 704 2426 quosdam
733 2341 887 2438 peremit,
909 2339 1064 2426 quosdam
1092 2343 1125 2404 in
1147 2343 1284 2426 gratiam
1308 2340 1438 2488 recepit.
1519 2347 1522 2374 ³

402 2424 513 2489 Mense
520 2422 697 2488 Novembri
707 2424 802 2487 huius
813 2445 889 2486 annr
899 2446 958 2488 rex
965 2422 1156 2490 Wilhelmus
1169 2425 1208 2490 de
1220 2426 1377 2510 superiori
1401 2446 1440 2488 us

318 2508 423 2574 Rheni
454 2507 600 2607 partibus
632 2507 839 2589 descendens,
872 2507 987 2572 rediit⁰
1020 2509 1055 2572 in
1082 2507 1288 2573 Hollandiam
1319 2517 1439 2574 terram

320 2615 422 2674 suam,
444 2590 635 2656 hberaturus
658 2613 848 2676 germanum
863 2603 988 2675 suum³,
1012 2614 1108 2679 quem
1131 2594 1295 2679 captivum
1309 2595 1440 2658 tenebat

321 2677 484 2742 comitissa
506 2673 771 2741 flandrensisve.

406 2759 501 2824 Circa
521 2759 607 2824 idem
629 2771 756 2845 tempus
771 2759 876 2825 filius⁵
899 2761 992 2825 ducis
1006 2760 1144 2826 Bavarie
1166 2760 1252 2847 cepit
1272 2760 1437 2845 ingeniose

320 2845 407 2909 etin
428 2864 590 2908 carcerem
615 2843 752 2909 detrusit
772 2844 954 2910 Zornonem
983 2842 1213 2910 marescalcum
1242 2867 1316 2910 cum
1338 2866 1439 2909 uxore

321 2949 389 3010 sua,
411 2927 572 2993 hominem
600 2926 812 2994 truculentum
842 2938 873 2994 et
894 2928 1067 2994 multorum
1095 2928 1251 2994 scelerum
1278 2937 1438 3015 perpetra·

320 3022 432 3093 torem,
459 3011 650 3098 inopinabili
672 3012 821 3078 thesauro
842 3014 877 3077 in
898 3035 987 3095 auro,
1016 3014 1152 3098 gemmis
1175 3013 1337 3112 variisque
1365 3036 1437 3099 sup-

320 3093 532 3182 pellectilibus
553 3097 698 3162 eiusdem
720 3096 932 3162 malefactoris
953 3098 1102 3180 inventis,
1116 3107 1179 3198 'que
1202 3119 1310 3164 omma
1331 3097 1437 3163 idemr

319 3179 460 3245 nefarius
491 3182 642 3330 pervim
670 3183 911 3328 oppressivamr
940 3191 1093 3268 congesta
1126 3205 1160 3246 1n
1190 3183 1303 3266 castris
1331 3192 1363 3247 et
1404 3184 1437 3246 in

320 3263 471 3330 domibus
504 3273 653 3331 ocaverat
673 3267 860 3350 re1giosis0.

403 3349 567 3416 Paridem
581 3359 707 3436 tempus
722 3349 1003 3436 archiepiscopuss
1020 3348 1221 3416 coloniensis
1240 3373 1291 3416 res
1307 3348 1438 3415 solerter

320 3541 344 3593 a)
359 3546 449 3594 partem
465 3543 513 3582 Da.
574 3539 599 3593 b)
615 3541 751 3582 Damoclem
767 3542 822 3591 Dr,
837 3541 973 3582 namtacam
990 3543 1040 3584 Da.
1101 3541 1122 3594 c)
1139 3545 1219 3592 portus
1234 3543 1314 3583 habito
1328 3541 1371 3581 das.
1388 3542 1435 3585 Di.

208 3617 212 3624 ·
320 3599 344 3654 (1)
360 3604 408 3643 inv.
431 3611 479 3651 cop.
498 3601 548 3642 Da.
653 3599 676 3652 e)
691 3601 732 3642 Itis
748 3597 807 3650 effi
821 3601 869 3642 Da.
968 3598 987 3652 t)
1004 3601 1060 3640 deest
1075 3601 1125 3642 121.
1230 3597 1254 3652 g)
1269 3602 1371 3650 Mogunt.
1388 3601 1435 3643 Dl.

320 3658 345 3711 h)
360 3661 447 3702 Verum
469 3660 517 3700 Dr.
613 3658 631 3711 t>
654 3663 677 3700 et
701 3660 813 3708 quosdam
836 3660 884 3700 Dt.
979 3658 1004 3700 kl
1027 3660 1083 3699 deest
1106 3660 1156 3703 Da.
1251 3658 1269 3710 Ι)
1294 3660 1362 3700 redllt
1385 3661 1432 3701 Μ.

321 3717 352 3771 m)
369 3724 449 3760 notum
465 3719 514 3760 Di.
604 3720 629 3769 n)
645 3729 743 3768 quorum
759 3719 806 3760 Di.
918 3715 941 3770 o)
965 3719 1025 3759 rodit
1044 3719 1096 3760 Μ,
1190 3717 1215 3771 p)
1230 3711 1365 3761 Ptenchat.
1386 3719 1431 3762 Di.

320 3778 345 3832 q)
361 3779 464 3822 notarius
478 3779 521 3819 ille
536 3778 585 3818 Dt-
645 3776 666 3829 r)
682 3778 851 3828 appressortam
866 3778 916 3818 Da.
976 3776 996 3831 s)
1013 3778 1084 3828 episc.
1098 3779 1120 3817 D
1130 3779 1149 3820 2.

322 3939 350 4005 1)
367 3936 486 3990 Hearico
505 3936 531 3987 Ι.
569 3936 603 3989 Α.
678 3934 707 4004 2)
727 3935 869 4003 Philippus
895 3937 928 3990 de
946 3936 1109 4004 Hoheafels,
1135 3956 1159 3990 a.
1187 3939 1267 3988 1246.
1292 3933 1432 4003 imperialis
1521 3999 1522 4010 γ

320 4014 400 4064 calae
423 4009 600 4072 camerariam
618 4027 645 4061 a.
660 4009 784 4074 B'obmer,
803 4009 901 4062 Fontes
913 4009 955 4072 II,
971 4027 1001 4077 p.
1013 4013 1079 4062 ¹185.
1099 4009 1125 4063 0.
1164 4013 1192 4076 3)
1210 4010 1381 4062 florentium.
1400 4010 1430 4062 A.

320 4084 351 4151 4)
371 4083 554 4152 Marparetba.
591 4081 625 4135 Α,
706 4085 734 4148 5)
758 4083 911 4136 Ladovicas
936 4083 979 4148 11,
997 4083 1074 4150 filius
1100 4083 1176 4136 ducis
1205 4083 1305 4136 Ottom'e
1325 4083 1365 4136 II.
1400 4083 1430 4134 Α.
1507 4055 1522 4138 l

322 4157 351 4224 6)
372 4155 466 4209 Nescio
487 4174 522 4207 aa
542 4157 578 4207 ad
600 4156 711 4208 eaodem
734 4173 790 4209 rem
808 4157 965 4224 referendae
992 4155 1045 4208 sint
1070 4157 1196 4223 epistolae
1221 4155 1339 4227 muriae,
1367 4173 1429 4222 quar

321 4229 440 4354 panlibgp
460 4229 631 4354 digamiam
650 4229 801 4282 Treviremi
825 4229 909 4282 edidit
927 4230 1015 4294 Mane,
1036 4229 1213 4296 ‘Zeitochnfl
1234 4232 1261 4284 d.
1284 4229 1429 4282 Obmbeio'

373 4343 380 4368 ,
438 4340 445 4356 .
503 4341 511 4356 .
