3122 4978
301 374 353 426 158
392 371 578 425 CHRONIOA
598 369 712 422 anull
733 368 984 422 COLONIENSIS.
1002 368 1106 421 CONT.
1127 327 1347 420 1119111911.

666 540 1053 595 11333331313331112.

386 629 533 696 Cristahe
555 651 613 694 rex
626 629 743 694 Greoie
764 651 785 692 a
805 628 903 692 fratre
925 649 982 692 suo
1006 637 1127 713 captus,
1149 648 1223 691 cum
1244 627 1334 692 iussu
1353 629 1423 693 eius

302 713 560 796 emascularetur,
584 714 618 778 in
640 713 801 798 pacientia
822 711 940 776 doloris
962 713 1063 776 vitam
1077 711 1181 776 finivit
1196 724 1217 794 ¹3
1239 710 1323 775 filius
1345 732 1423 799 quo·

305 823 368 888 que
392 800 470 881 eius,
494 820 565 862 oum
589 796 714 862 333311ει
735 796 875 878 deberet,
898 796 987 862 obiit.

384 884 564 969 Imperator
590 881 631 946 de
659 879 777 960 Apulia
802 881 972 945 revertitur
999 901 1072 944 cum
1101 878 1204 966 gloria
1236 888 1269 944 et
1297 879 1424 944 diviciis

300 964 615 1052 incomparabilibus.
659 963 831 1029 Ounradus
876 963 1013 1030 alatinus
1036 984 1143 1028 comes
1165 963 1205 1029 de
1215 963 1305 1028 Reno
1327 962 1423 1046 obiit3

301 1052 391 1116 cuius
413 1049 584 1134 dignitates
607 1059 639 1114 et
659 1047 815 1115 beneficia
836 987 1001 1132 lieiurico,
1022 1046 1088 1112 filio
1100 1048 1245 1114 Heinrioi
1260 1047 1424 1133 quondam

301 1135 392 1284 queis
430 1134 601 1216 Saxoniae,
637 1140 800 1197 cesserunt
807 1156 815 1216 3
857 1134 885 1196 is
923 1133 1009 1197 enim
1043 1129 1143 1196 filiam
1172 1131 1259 1196 eiusb
1295 1132 1425 1196 unicam

324 1229 447 1283 uxerat.

386 1303 487 1366 Facta
508 1311 556 1365 est
577 1301 638 1365 boc
660 1321 743 1363 anno
765 1301 901 1386 irruptio
923 1319 1121 1385 paganorum
1136 1299 1245 1364 valida
1259 1309 1292 1365 et
1305 1299 1425 1366 bellum

303 1387 416 1471 ingens
443 1397 552 1449 contra
580 1383 768 1448 christianos
797 1385 830 1447 in
857 1382 976 1448 finibus
1002 1384 1181 1482 Hispaniae
1209 1396 1241 1448 et
1269 1382 1426 1465 Galatiae,

302 1471 347 1535 ita
368 1479 405 1534 ut
423 1491 483 1534 rex
497 1469 696 1568 Hispaniae¹
717 1476 805 1531 metu
819 1467 963 1553 periculi,
979 1468 1160 1533 conditione
1179 1489 1254 1534 cum
1270 1470 1315 1534 eis
1329 1467 1430 1550 facta,
1451 1469 1454 1476 '

301 1555 336 1618 in
356 1575 491 1639 regnum
505 1575 589 1638 regrs
603 1553 760 1618 Franciae
774 1553 976 1638 demigraret,
997 1562 1092 1638 pacta
1105 1573 1186 1639 pace
1202 1575 1275 1617 cum
1289 1553 1425 1617 ethnicis

302 1659 404 1724 usque
426 1638 460 1701 in
481 1645 688 1723 pentecosten
710 1637 872 1723 sequentis
892 1637 977 1702 anni.

386 1720 511 1786 Bellum
546 1722 714 1807 antiquum
750 1720 946 1788 recrudescit
979 1721 1062 1786 inter
1095 1719 1284 1821 Philippum
1316 1743 1427 1808 regem

302 1805 459 1886 Franciae
474 1814 506 1870 31
517 1804 712 1869 Richardum
723 1809 774 1869 An
798 1805 870 1870 liae.
891 1805 965 1869 Rex
979 1815 1085 1870 autem
1101 1804 1257 1870 Francrae
1273 1804 1425 1892 prevalet

387 1890 535 1953 Domnus
550 1910 637 1975 papa
651 1828 826 1954 cardinales
842 1889 945 1954 (1333ὕ
960 1912 980 1953 3
993 1888 1092 1954 131313
1107 1911 1165 1953 suo
1180 1890 1278 1954 mittit
1299 1891 1333 1952 in
1350 1889 1425 1953 Gal-

302 1973 378 2038 liam
397 1983 429 2037 et
447 1993 717 2059 quaquaversum,
729 1974 898 2038 convenire
910 1984 942 2038 et
957 1973 1140 2039 adhortari(¹
1156 1995 1282 2038 omnem
1298 1974 1426 2037 vimm⁰

303 2055 423 2121 bonum
436 2070 468 2121 et
478 2069 666 2122 strennuum
677 2056 718 2121 ad
730 2058 929 2123 subeundam
940 2058 1232 2144 peregrinationem
1240 2080 1298 2144 pro
1307 2056 1427 2122 honore

305 2139 461 2206 Orucifixi
483 2150 515 2205 et
537 2143 641 2206 crucis
664 2142 741 2207 eius.
784 2142 958 2207 Innumera
980 2165 1056 2228 ergo
1076 2140 1245 2207 multitudo
1260 2142 1427 2205 hominum

305 2247 433 2290 crucem
456 2223 518 2289 sibi
540 2226 692 2291 assumitf
713 2226 747 2288 in
768 2228 897 2292 nomine
919 2227 1061 2291 Domini.

474 2312 515 2396 [6.
523 2311 549 2398 Β)
593 2310 689 2373 Anno
709 2309 890 2374 dominicae
913 2310 1141 2375 incarnationis
1166 2312 1257 2376 1196.

391 2394 531 2458 Penuria
544 2393 696 2458 frumenti
711 2404 744 2458 et
760 2415 905 2459 annonae
927 2417 1045 2480 magna
1065 2395 1150 2460 13313
1165 2405 1222 2476 331,
1246 2415 1331 2481 quae
1346 2394 1426 2458 etin

305 2488 492 2564 sequentem
520 2499 639 2541 annum
670 2500 772 2563 usque
800 2479 937 2543 duravit.
987 2479 1129 2566 Eratque
1150 2479 1251 2544 fames
1272 2477 1379 2542 valida
1398 2487 1432 2543 et

305 2584 388 2647 pene
404 2563 547 2626 omnium
556 2560 744 2627 victualium
755 2563 891 2648 penuria
907 2563 1061 2628 inaudita.
1108 2563 1293 2649 Episcopus
1303 2562 1430 2627 Traiec-

306 2647 405 2711 tensis
427 2644 516 2710 obiit.
565 2647 605 2710 In
628 2645 771 2710 Saxonis
791 2646 906 2712 mulier
927 2647 1085 2734 quaedam
1106 2650 1127 2711 4
1148 2647 1284 2711 infantes
1306 2646 1388 2710 infra
1409 2647 1430 2710 3

306 2751 432 2794 menses
461 2730 610 2815 genuisse
639 2730 724 2795 dicta
751 2739 809 2796 est.
863 2731 1041 2831 Imperator
1073 2732 1108 2796 in
1135 2731 1288 2817 Apuliam
1322 2730 1429 2796 denuo

307 2812 532 2898 proficiscitur,
553 2815 716 2913 premissis
738 2817 896 2916 surgentis
917 2817 1102 2897 mnumeris‚
1131 2837 1212 2902 quos
1233 2815 1327 2880 duxit
1346 2814 1430 2878 Mar-

308 2897 460 2983 quardus,
493 2897 618 2984 dap1fer
644 2899 724 2981 eius,
755 2920 807 2964 cur
834 2909 866 2965 et
892 2901 1068 2964 marchiam
1096 2899 1284 2963 Anconiaeh
1306 2908 1339 2963 et
1366 2898 1431 2962 alia

308 2981 467 3129 quaedam
489 2981 646 3047 beneficia
672 2983 858 3048 contulerat.
965 2985 1060 3050 Estas
1087 2984 1204 3068 frigida
1233 2993 1265 3048 et
1289 2981 1430 3047 humida.

338 3063 435 3130 ellum
458 3067 541 3132 inter
563 3065 752 3133 christianos
774 3079 806 3133 et
835 3067 979 3133 ethnicos
1008 3069 1041 3132 in
1069 3078 1154 3134 terra
1176 3067 1288 3133 Sancti
1308 3066 1429 3132 Iacobi.

652 3285 821 3339 Receuaio
841 3287 883 3338 H.
903 3286 997 3339 codd.
1016 3285 1051 3337 B.
1071 3284 1099 3337 0.

393 3370 540 3436 Tirsach¹
561 3394 620 3436 rex
643 3371 776 3438 Greciae
804 3394 825 3436 a
848 3371 946 3457 113113
968 3391 1027 3435 suo
1049 3380 1178 3436 cecatur
1205 3381 1332 3436 etcum
1353 3390 1428 3455 par·

308 3454 385 3520 vulo
406 3454 472 3520 tilio
494 3454 611 3520 Alexio
635 3454 675 3520 de
697 3478 797 3543 regno
819 3457 943 3521 eicitur.

395 3547 545 3614 Imperator
565 3574 598 3583 -
618 3548 701 3597 —in
720 3547 827 3598 nomine
846 3548 965 3598 Domini.
990 3551 1020 3596 ut
1039 3543 1165 3597 Beoccaio
1184 3544 1210 3596 Ι.

506 3615 536 3678 6.
578 3614 674 3678 Anno
697 3613 876 3678 dominicae
898 3612 1124 3678 incarnationis
1148 3613 1240 3676 1196.

402 3703 605 3770 Imperator-
627 3731 659 3740 -
684 3705 802 3756 humida.
840 3705 956 3755 Penuria
977 3731 1007 3740 -
1030 3726 1065 3738 --
1084 3701 1214 3755 inaudita.
1261 3701 1293 3752 In
1313 3701 1431 3752 Saxonis

313 3803 343 3816 -
374 3803 405 3812 —
434 3777 509 3828 dicta
530 3782 578 3828 est.
631 3777 737 3830 Bellum
762 3806 799 3815 -
824 3805 853 3815 -
881 3778 976 3829 Iacobi
1006 3777 1137 3827 fuctum
1166 3781 1225 3829 est.
1278 3773 1430 3841 Episcopus

311 3842 511 3908 Balduinusk
533 3861 712 3912 Traiectensis
731 3862 805 3912 obiit.
825 3868 855 3910 ut
873 3857 1000 3912 1133311313
1020 3859 1045 3910 Ι.

312 4043 335 4095 a)
359 4045 436 4084 331311
451 4045 500 4085 Η.
565 4041 590 4095 b)
612 4043 718 4085 0333101
797 4044 818 4096 3)
841 4055 895 4085 suos
910 4055 968 4084 corr.
984 4041 1042 4082 duos
1057 4041 1106 4084 Bl.
1174 4039 1302 4094 1911311311
1317 4040 1367 4082 131.
1384 4041 1429 4082 01.
1467 4012 1469 4017 i

312 4108 334 4153 e)
350 4103 373 4146 b.
390 4114 411 4142 v.
427 4106 493 4144 3131.
510 4104 553 4144 02.
584 4101 740 4154 Oassumunt
753 4115 811 4146 corr.
828 4107 926 4144 assumit
940 4103 990 4144 131.
1033 4099 1057 4152 3)
1067 4098 1168 4155 Δ(3)133
1184 4105 1263 4143 sextu·
1278 4100 1368 4140 1311133
1384 4099 1429 4139 01.

311 4160 336 4213 b)
353 4161 453 4203 Arconte
469 4165 513 4204 01.
530 4177 558 4198 =
574 4161 592 4214 1)
608 4164 710 4214 Tyrsach
727 4166 770 4206 01.
829 4161 854 4214 k)
871 4162 1020 4204 Beldewtnue
1036 4161 1086 4204 Bt.

315 4313 342 4380 1)
362 4315 486 4379 Minima
506 4315 539 4382 cf.
559 4331 583 4366 3.
605 4313 685 4364 1199.
761 4312 790 4382 2)
806 4314 942 4380 Alsouaus.
