3122 4978
330 406 385 456 214
433 404 620 457 ennomus
640 404 752 456 REGIA
772 404 1024 478 COLQNIENSIS.
1046 403 1149 457 OONT.
1163 405 1216 458 111.
1237 405 1269 458 A.
1286 406 1365 456 1203.

730 579 893 632 Recensio
914 576 939 629 Ι.
960 586 991 630 et
1009 578 1052 628 II.

252 693 319 733 um.
333 663 435 731 stolo⁸
456 689 562 751 reqcm
585 664 802 746 honorificari
823 666 915 750 eique
938 664 1064 728 obediri
1086 667 1184 751 quasi
1199 665 1402 752 precedenti,
1426 676 1455 731 et

181 767 229 810 nn.
240 769 276 820 m,
286 770 321 810 ss.
331 749 525 835 euvangelio
550 751 787 830 annunciante,
810 748 898 835 quod
917 749 1080 835 qaudium
1095 758 1241 814 nostrum
1256 773 1346 830 nemo
1370 750 1457 815 tollet

333 859 354 898 a
375 835 480 915 nobis,
503 857 576 899 cum
597 837 634 899 in
659 837 726 898 enti
748 835 867 897 bonore
890 856 929 896 ac
952 834 1112 919 tripudio,
1144 835 1251 898 moreh
1273 837 1371 899 etiam
1393 858 1454 899 suo

332 942 377 1004 ap
403 917 614 983 laudantibus
630 858 755 998 llrecis,
778 919 824 982 ad
838 919 992 982 bonorem
1009 918 1075 980 Dei
1089 927 1118 982 et
1132 928 1267 982 sanctae
1281 920 1454 984 Romanae

331 943 481 1068 ecclesiae
494 1025 532 1066 ac
544 1004 803 1067 subventionem⁶
816 1004 936 1066 Terrae
948 1001 1091 1066 Sanctae
1102 1002 1241 1088 9loriose
1253 1012 1456 1084 coronatum,

332 1089 378 1152 ad
399 1089 533 1173 imperii
569 1089 692 1174 astiqia
704 1087 774 1152 Deo
797 1094 826 1150 et
840 1086 1025 1150 bominibus
1041 1087 1196 1150 amabiles
1208 1097 1322 1171 patres
1337 1109 1454 1152 memo-

331 1173 400 1236 rati
423 1173 524 1255 ponti
548 1195 598 1236 ces
625 1195 697 1236 cum
718 1172 945 1234 universorum
968 1169 1138 1255 applausu
1160 1179 1188 1233 et
1206 1172 1283 1257 piis
1304 1171 1455 1236 lacrimis

332 1256 561 1320 sublimarunt.
595 1256 746 1320 Aderant
766 1254 893 1319 incolae
907 1256 1028 1318 Terrae
1040 1252 1194 1336 Sanctae,
1216 1254 1455 1320 ecclesiasticae

332 1340 553 1424 militaresque
581 1362 762 1424 personae,
798 1361 936 1424 quorum
959 1361 1022 1423 pre
1050 1339 1198 1403 omnibus
1225 1339 1455 1404 inestimabilis

333 1433 404 1486 erat
444 1432 473 1484 et
503 1423 754 1509 crotalabunda
785 1423 905 1504 leticia,
944 1422 1183 1508 enbibitumque
1215 1423 1287 1488 Deo
1320 1426 1454 1509 oratius

333 1507 519 1592 obsequium
545 1508 742 1589 asserebant,
771 1507 892 1592 quamd
919 1508 950 1570 si
978 1508 1095 1572 civitas
1117 1517 1233 1571 sancta
1262 1509 1455 1573 cbristionis

333 1599 412 1656 esset
444 1590 584 1656 cultibus
616 1594 783 1673 restituta,
820 1614 893 1655 cum
927 1592 972 1655 ad
1005 1591 1230 1675 confusionem
1257 1602 1458 1676 perpetuam

332 1676 542 1740 inimicorum
557 1679 675 1758 crucis,
697 1685 831 1741 sanctae
846 1676 1019 1740 Romanae
1036 1675 1198 1760 ecclesiae,
1220 1685 1328 1740 terrae
1343 1677 1456 1740 Ibero·

332 1759 541 1824 solimitunae
563 1783 629 1825 sese
649 1763 745 1847 reqia
767 1761 883 1824 ciuitas
905 1760 1081 1840 devoveret,
1104 1783 1187 1860 quae
1208 1770 1275 1824 tam
1296 1761 1367 1841 diu,
1390 1769 1458 1825 tam

329 1852 480 1927 potenter
510 1844 707 1910 adversario
742 1846 827 1908 stetit
862 1853 892 1908 et
923 1845 1128 1908 contradicat
1157 1848 1297 1929 utrique.
1347 1845 1457 1923 [Hec⁰

333 1936 379 1990 est
407 1929 502 2009 enim,
526 1952 619 2014 quae,
644 1953 659 1994 s
685 1927 877 1994 urcissimo'
903 1929 1074 2014 qentilium
1102 1931 1171 1992 ritu
1202 1951 1267 2014 pro
1291 1927 1459 2012 fraterna

334 2013 483 2076 societate
499 1953 720 2098 sanquinibus
736 2011 897 2077 alternisss
918 2013 1054 2093 ebibitis,
1077 2036 1150 2076 cum
1165 2012 1352 2094 infidelibus
1369 2035 1458 2077 auso

333 2104 379 2159 est
400 2097 511 2180 sepius
527 2098 697 2162 amicicias
711 2097 851 2179 firmare
867 2094 1006 2179 ferales,
1029 2104 1057 2160 et
1078 2097 1204 2161 eosdem
1224 2096 1373 2161 mamilla
1396 2098 1459 2161 diu

333 2179 468 2243 lactavit
490 2180 656 2246 uberrima
677 2189 707 2244 et
728 2179 843 2244 eatulit
864 2182 900 2243 in
923 2181 1111 2265 superbiam
1134 2181 1327 2262 seculorum,
1351 2203 1459 2263 arma,

335 2286 436 2327 naves
465 2273 494 2326 et
522 2265 682 2329 victualia
710 2264 942 2329 ministrando.
989 2263 1085 2338 Quod
1106 2288 1122 2329 e
1144 2266 1313 2330 contrario
1327 2265 1461 2350 fecerat
1527 2283 1529 2340 t

328 2349 531 2434 peregrinis,
567 2352 675 2435 magnis
704 2349 834 2413 edocere
866 2347 1041 2430 sufficiunt
1072 2350 1110 2413 iu
1143 2350 1231 2414 omni
1262 2348 1461 2414 Latinorum
1528 2347 1529 2378 ³

334 2440 426 2518 qente
448 2431 595 2514 eocemplo
618 2455 716 2517 quom
736 2433 844 2496 uerba.
877 2432 945 2495 Hec
967 2442 1022 2514 est,
1045 2437 1188 2518 quaein
1211 2434 1321 2498 odium
1344 2436 1463 2499 summi

330 2515 519 2600 pontificis,
549 2516 769 2599 apostolorum
785 2517 958 2601 principis
985 2518 1123 2581 nomenh
1152 2519 1271 2582 audire
1290 2519 1347 2582 vico
1397 2528 1461 2584 ote·

334 2607 402 2679 rat,
434 2620 491 2661 nec
521 2621 624 2662 unam
657 2601 760 2664 eidem
791 2602 878 2663 inter
907 2597 1028 2664 Grecos
1056 2600 1224 2666 ecclesiam
1256 2624 1351 2666 conce
1376 2603 1460 2684 ebat,
1528 2579 1529 2670 l

336 2684 395 2766 qui
426 2683 571 2745 omnium
599 2683 806 2747 ecclesiarum
836 2685 963 2768 accepit
993 2685 1034 2748 ab
1063 2687 1138 2769 ipso
1159 2686 1303 2750 Domino
1326 2688 1459 2770 princi-

330 2773 461 2911 fatum,
484 2774 522 2845 et,
545 2767 630 2830 sicut
651 2789 761 2832 eorum
783 2766 895 2832 recolit
912 2791 1024 2832 recens
1043 2771 1199 2834 memoria
1221 2770 1280 2856 qui
1294 2770 1461 2852 uiderunt,
1528 2827 1529 2848 ,

348 2858 478 2932 eyatum
502 2850 717 2932 apostolicum
743 2861 842 2916 morte
869 2862 936 2916 tom
961 2855 1156 2937 turpissima
1183 2855 1389 2939 dampnavit,
1424 2865 1461 2920 ut
1528 2853 1529 2876 ³

329 2955 395 3016 pro
420 2933 593 3016 apostolici
614 2935 767 2999 culminis
786 2939 969 3001 reuerentia
990 2959 1047 3000 nec
1069 2939 1178 3022 ipsam
1194 2961 1247 3023 pa
1271 2939 1363 3002 inam
1379 2961 1459 3023 pre-

335 3024 453 3080 sentem
474 3019 695 3084 sustineamus
716 3023 829 3084 mortis
851 3019 942 3084 illius
963 3021 1189 3087 recordatione
1207 3044 1253 3106 po
1279 3044 1364 3103 uere,
1386 3047 1461 3088 cum

334 3124 391 3163 nec
406 3101 493 3164 inter
507 3111 666 3189 martyres
680 3103 811 3189 leqatur
829 3103 913 3167 caci
930 3104 1118 3188 consimilis,
1140 3106 1214 3170 licet
1252 3129 1333 3171 enas
1349 3130 1461 3172 eorum

333 3183 541 3250 incredibiles
563 3187 724 3252 invenerit
745 3189 942 3274 inqeniosck
965 3188 1154 3254 crudelitas.
1198 3129 1266 3255 illc
1289 3199 1345 3271 est,
1374 3213 1460 3274 quoe
1528 3189 1529 3268 ξ

337 3267 503 3334 Obristam
531 3270 610 3334 solis
640 3272 803 3337 didicerat
832 3274 995 3337 bonorare
1014 3274 1174 3359 picturis,
1203 3284 1232 3338 et
1258 3277 1345 3339 inter
1372 3277 1460 3340 ritus
1528 3275 1529 3318 ³

334 3350 509 3436 nefandos,
543 3355 636 3440 quos¹
668 3356 733 3420 sibi
761 3379 777 3420 s
802 3365 873 3421 reta
901 3358 1143 3422 scriturarum
1167 3361 1360 3424 auctoritate
1382 3382 1458 3423 con·
1528 3413 1529 3442 ,

326 3437 487 3519 sincerat,
506 3438 700 3522 plerumque
721 3449 751 3504 et
773 3379 906 3503 lbvacri
932 3379 1121 3506 salutarism
1147 3441 1265 3526 facere
1289 3466 1456 3528 presume-

334 3520 412 3584 bant
432 3522 590 3586 instondo
611 3522 786 3588 iacturam.
831 3525 898 3588 Hec
920 3533 976 3604 est,
999 3547 1083 3608 quae
1097 3525 1235 3590 Latinos
1258 3549 1366 3592 omnes
1388 3551 1457 3592 nou

336 3605 501 3670 bominum
522 3608 654 3672 nomine
676 3607 891 3693 dianabatur,
919 3608 976 3672 sed
998 3631 1127 3689 consum,
1157 3633 1293 3695 quorum
1315 3612 1455 3697 sanqui-

335 3711 407 3752 nem
429 3687 592 3773 effundere
609 3713 693 3774 pene
715 3694 802 3755 inter
822 3693 940 3755 merita
959 3693 1169 3776 reputabant,
1192 3717 1249 3758 nec
1271 3693 1342 3759 ulla
1358 3696 1456 3779 peni·

333 3773 454 3835 tentiae
482 3773 708 3857 satisfactione
733 3775 921 3860 pensabant
941 3776 1023 3840 laici
1044 3777 1206 3858 monachi,
1233 3800 1333 3862 penes
1363 3801 1454 3863 quos,
1528 3829 1529 3856 ,

335 3855 556 3918 sacerdotibus
578 3860 706 3940 spretis,
729 3868 797 3922 tota
819 3859 953 3945 liqandi
975 3869 1071 3944 atque
1092 3860 1239 3925 soluendi
1262 3863 1455 3927 consistebat
1528 3859 1529 3914 Ῐ

335 3940 526 4002 auctoritas.
570 3940 638 4004 Hec
661 3951 690 4004 et
712 3943 901 4008 buiusmodi
921 3942 1147 4026 deliramenta,
1163 3969 1246 4030 quae
1267 3944 1455 4030 epistolaris
1528 3941 1529 3948 ἵ

334 4020 502 4103 suplicare
523 4044 589 4085 nou
613 4023 697 4088 valet
720 4029 889 4112 anqustia,
919 4025 1058 4112 impletis
1079 4029 1310 4114 iniquitatibus
1332 4052 1451 4111 eorum,

334 4126 418 4187 quae
453 4106 563 4188 ipsum
583 4107 763 4174 Dominum
796 4111 842 4174 ad
877 4133 1038 4175 nauseam
1054 4114 1309 4194 prouocabautJ,
1333 4114 1452 4178 diuina

334 4238 358 4289 ι)
374 4240 429 4279 decet
445 4240 471 4279 B.
546 4239 570 4291 b)
587 4242 643 4282 deest
658 4243 699 4285 02.
776 4243 797 4296 o)
814 4246 967 4287 subventione
990 4246 1063 4286 (11.2.
1138 4245 1161 4296 d)
1176 4249 1214 4296 (Ῑιῑι
1237 4247 1367 4300 (quoniam)
1389 4250 1452 4290 codd.

333 4297 356 4348 c)
372 4299 513 4339 incederunt
528 4301 555 4347 Β,
571 4302 610 4350 qui
621 4303 704 4352 percit:
726 4304 833 4353 Denique
849 4305 929 4344 divina
944 4306 960 4345 1.
1012 4303 1205 4356 Ospurcissimir
1221 4307 1264 4348 01.
1274 4309 1294 4349 t.
1361 4309 1384 4358 ε)
1400 4310 1456 4352 alte·

334 4356 442 4397 rinnel?
471 4357 630 4410 h)dccrtccdd.
638 4362 724 4412 fluunt.
735 4361 760 4400 P.
790 4361 808 4413 i)
818 4364 868 4404 ullo
885 4364 928 4403 01.
939 4365 957 4404 2.
991 4362 1456 4417 lamminas·015ingcuimiossofl.

333 4412 352 4464 1)
368 4415 423 4455 aeut
439 4416 482 4460 Οἳ,
541 4415 573 4469 m)
589 4419 728 4469 plerumque
744 4422 821 4461 iterum
836 4423 887 4463 add.
904 4423 948 4463 01.
960 4424 979 4468 2.
