3098 4982
176 365 364 419 CHRONIOA
379 364 491 417 acels
507 365 759 418 COLONIENSIS.
781 365 883 417 OONT.
893 367 926 417 V.
945 366 1162 419 A.1240.1241.
1201 367 1254 417 279

138 532 464 600 Halverstadensis¹·⁸l
486 542 519 598 et
538 532 681 598 marchio
711 533 750 598 de
772 533 930 598 Missene²
959 533 1116 599 invadunt
1136 543 1254 600 terram

138 618 334 683 marchionis
367 617 406 682 de
434 615 726 702 Brandenburgbs,
760 617 975 703 depredantur
1007 623 1038 683 et
1069 617 1255 687 incendunt.

139 702 284 767 Marchio
298 722 375 766 vero
387 700 717 786 Brandenburgensis,
740 702 884 769 hostibus
905 702 1045 788 fatigatis
1068 713 1099 768 et
1119 704 1257 769 tentoria

141 786 324 872 figentibus,
357 785 443 849 eirca
468 807 618 870 vesperas
645 808 679 850 re
704 787 810 851 entino
838 788 969 850 incursu
996 787 1223 875 superveniens
1233 799 1255 869 ⁰,

141 879 255 957 septua
277 870 365 933 inta‘l
379 867 494 933 milites
511 870 655 955 episcopi
701 870 953 955 agdeburgensis
967 870 1121 952 vulnerat,
1136 873 1257 956 episeo-

140 977 220 1041 pum
275 953 567 1018 alverstadensem⁸
589 975 628 1018 ca
651 957 677 1018 it
698 963 730 1019 et
751 977 862 1018 omnes
884 954 963 1019 alios
985 956 1088 1020 victos
1108 956 1208 1040 fugat.

517 1036 612 1102 Anno
669 1039 767 1102 omini
790 1040 881 1103 1241.

226 1122 404 1207 Imperator
437 1121 493 1186 diu
525 1120 710 1186 obsessame
743 1123 932 1188 Faventiam
964 1133 1039 1209 post
1070 1123 1192 1222 pascha
1222 1123 1367 1189 inuisa

142 1204 339 1272 deditionem
360 1206 489 1291 accipit,
516 1204 624 1270 multis
649 1207 787 1292 receptis
809 1225 883 1270 cum
905 1207 965 1271 bOf
985 1216 1107 1274 castris.
1151 1207 1257 1292 Impe-

141 1301 229 1356 rator
251 1291 347 1356 etiam
370 1299 511 1353 castrum
533 1299 565 1355 et
586 1289 757 1375 pallacium
784 1291 819 1354 in
846 1292 918 1378 ipsa
947 1289 1076 1356 civitate
1103 1292 1259 1357 construit

141 1385 175 1441 ct
195 1373 369 1439 nobiliores
392 1396 501 1438 omnes
515 1374 648 1460 populi&
662 1375 832 1440 Faventini
846 1375 888 1440 ad
904 1376 1086 1440 convivium
1101 1384 1261 1441 convocat

141 1468 174 1524 et
196 1481 305 1523 omnes
327 1456 494 1543 splendide
515 1480 702 1543 procurans,
725 1461 808 1525 inter
830 1481 864 1524 se
885 1459 1078 1524 reconciliat.

227 1542 324 1608 Oirca
337 1543 422 1607 idem
438 1553 565 1628 tempus
580 1544 786 1608 Prenestinus
801 1544 970 1629 episcopus
984 1543 1109 1629 legatus
1123 1541 1226 1609 Gallie
1235 1553 1258 1621 ⁴,

143 1627 222 1692 Otto
259 1625 429 1691 cardinalis
464 1625 589 1712 legatus
626 1627 752 1712 Anglie,
786 1627 962 1712 Gregorius
997 1628 1138 1692 notarius
1171 1627 1259 1692 curie

51 1750 55 1759 ι
143 1711 288 1775 Romane
309 1710 436 1796 legatus
462 1710 689 1796 Longobardie
714 1710 800 1797 apud
825 1712 961 1776 Ianuam
983 1712 1145 1777 civitatem
1167 1711 1260 1775 Italie

144 1796 381 1876 convenientes,
403 1795 514 1860 itinere
535 1794 642 1860 navali
665 1818 740 1860 eum
761 1795 869 1860 multis
884 1794 954 1860 aliis
970 1795 1140 1881 episcopis,
1162 1793 1260 1861 abba-

143 1879 233 1943 tibus
255 1877 359 1944 Gallie
381 1888 415 1943 et
436 1877 553 1964 Anglie
575 1890 606 1945 et
627 1878 736 1944 multis
762 1881 888 1943 nunciis
938 1878 1110 1944 relatorum
1131 1887 1197 1943 tam
1219 1878 1259 1943 de

144 1962 348 2028 'leuthoniah
372 1984 467 2050 quam
496 1964 537 2028 de
564 1963 634 2028 aliis
655 1965 757 2045 terris,
786 1965 847 2028 25³
869 1902 991 2049 galdusi
1016 1973 1154 2028 armatas
1185 1985 1260 2028 cum

144 2069 263 2132 magno
286 2048 439 2112 comitatu
460 2048 667 2112 Ianuensium
699 2049 818 2112 civium
846 2049 993 2132 ingressi,
1014 2047 1149 2112 Romam
1170 2046 1260 2111 adire

144 2130 344 2214 intenduntl,
378 2140 414 2196 ut
442 2131 507 2195 illic
533 2133 567 2196 in
595 2131 747 2214 concilio,
769 2154 789 2195 a
810 2155 853 2217 pa
877 2155 905 2214 a,
938 2141 974 2196 ut
1005 2130 1259 2217 presumebatur,

144 2215 267 2281 indicto
289 2215 538 2282 deliberatione
560 2217 648 2280 curie
670 2217 814 2282 Romane
841 2154 881 2282 ab
903 2217 1027 2280 iniuriis
1055 2215 1101 2295 ab,
1124 2216 1261 2302 impera·

145 2310 215 2365 tore
236 2299 331 2365 illatis
354 2310 386 2365 et
407 2300 571 2387 adipsum
586 2301 812 2386 imperatorem
826 2322 860 2364 re
885 2299 1074 2382 rebandum,
1089 2308 1260 2364 tractatum

145 2384 300 2451 haberent
320 2385 493 2450 efficacem.
539 2385 604 2465 Qui
624 2387 658 2448 in
686 2383 819 2449 insidias
847 2324 1037 2450 [lisanorum
1067 2392 1100 2448 et
1126 2383 1261 2450 Henriei

145 2468 231 2555 re'gis
261 2469 417 2552 Sardinie,
450 2467 604 2533 naturalis
633 2469 691 2534 filii
718 2471 764 2533 im
789 2470 933 2549 cratoris,
964 2468 1151 2551 incidentes,
1184 2468 1262 2532 vieti

145 2564 238 2637 sunt,
274 2553 376 2619 tribus
414 2552 532 2638 galeis¹
564 2554 692 2652 penitus
731 2492 905 2618 submersis
938 2564 971 2618 et
1001 2554 1042 2616 22
1083 2552 1261 2638 captivatis.

146 2637 214 2702 Ubi
235 2647 298 2701 tres
319 2637 456 2722 predicti
477 2636 574 2723 legatl
603 2647 634 2703 et
662 2647 797 2724 quatuor
824 2636 911 2703 milia
932 2637 1138 2702 Ianuensium
1167 2645 1263 2722 capta

146 2728 230 2801 sunt,
262 2721 408 2807 exceptis
437 2720 508 2784 aliis
536 2721 644 2786 multis
673 2720 844 2788 abbatibus
872 2732 904 2787 et
931 2721 1088 2808 religiosis
1116 2722 1262 2806 personis

145 2817 179 2868 et
199 2805 324 2868 nunciis
345 2814 531 2889 magnatum
553 2814 645 2887 terre,
675 2828 747 2871 euni
777 2807 895 2894 quibus
923 2808 1061 2891 pecunia
1081 2806 1262 2870 innumera-

146 2887 218 2953 bilis
241 2897 289 2953 est
314 2889 453 2954 inventa.
497 2888 602 2975 Super
628 2892 829 2976 imperatoris
857 2891 994 2971 fortuna,
1028 2913 1091 2977 que
1120 2911 1162 2954 ex
1215 2911 1263 2954 er·

146 2972 299 3036 missione
313 2971 378 3036 Dei
400 2973 552 3056 contigit,
566 2975 657 3038 ouius
671 2996 731 3038 nos
751 2975 851 3040 latent
871 2975 998 3056 iudicia,
1021 2971 1157 3061 epistola
1180 2912 1262 3062 debr

146 3056 350 3155 imperatore]
393 3054 638 3123 Coloniensibus
677 3068 725 3123 est
754 3058 903 3139 directat,
946 3079 1042 3144 quam
1071 3078 1174 3142 nuper
1201 3054 1263 3120 alia

145 3138 282 3240 ep1stola
306 3151 512 3288 precesserat
541 3141 662 3206 eisdem
692 3141 817 3206 civibus
850 3141 948 3205 missa
974 3164 1070 3227 super
1099 3141 1262 3205 deditione

146 3226 284 3290 unitatis
335 3225 471 3308 aventie,
499 3225 671 3290 verborum
694 3236 726 3290 et
747 3225 977 3290 sententiarum
999 3233 1168 3290 venustate
1190 3245 1264 3288 con·

143 3311 261 3376 fectae
315 3309 442 3375 Deinde
485 3311 660 3397 imperator
701 3309 899 3396 Spoletum0,
943 3309 1104 3374 civitatem
1147 3329 1230 3394 pape
1239 3319 1264 3391 P,

144 3491 169 3544 a)
186 3493 332 3534 Helberstad.
349 3493 399 3535 Da.
504 3492 527 3544 b)
544 3493 744 3542 Brundenburgen
759 3493 815 3541 1213
839 3489 972 3530 Brandenb.
996 3490 1045 3532 Da.
1144 3488 1165 3539 c)
1187 3499 1267 3538 super·

145 3552 329 3601 vententele;
346 3553 526 3602 superveniente
542 3553 591 3593 Bt.
622 3551 645 3604 d)
664 3552 735 3594 70000
752 3549 899 3593 militesDt.
929 3546 950 3598 e)
967 3549 1080 3590 deeatDl.
1111 3547 1202 3599 odacar
1216 3548 1267 3588 M.

145 3609 169 3662 g)
186 3609 241 3659 Apu
257 3611 309 3653 Da.
390 3612 414 3666 h)
429 3611 569 3653 Germanica
588 3623 657 3662 quam
678 3611 709 3653 al.
725 3615 743 3652 t.
759 3611 810 3650 Dt.
894 3608 911 3658 t)
928 3608 1019 3656 galetas
1035 3610 1091 3656 1213
1114 3608 1198 3656 gallias
1213 3607 1265 3649 Μ.

145 3667 170 3720 tr)
187 3669 339 3709 intendebant
354 3670 404 3712 Μ.
451 3669 469 3722 l)
485 3672 570 3720 galeris
585 3673 641 3721 Μ)
658 3671 741 3719 galleta
756 3671 805 3710 Μ.
852 3665 884 3718 m)
901 3667 977 3707 demat
993 3668 1042 3708 Dr.
1073 3665 1098 3718 n)
1115 3665 1202 3707 retorta
1216 3666 1266 3708 Da.

146 3727 171 3780 ο)
188 3727 308 3778 §potatum
324 3729 373 3770 Dt.
434 3728 459 3782 p)
475 3731 530 3770 derat
545 3731 595 3770 Di.

149 3858 176 3926 1)
196 3857 331 3927 Ludolfua
346 3859 370 3912 I.
396 3860 431 3913 A.
505 3861 534 3925 2)
554 3861 697 3914 Haimatos
717 3859 842 3912 illustria.
869 3857 903 3910 A.
978 3858 1008 3926 3)
1028 3858 1159 3910 Iotarais
1178 3858 1204 3910 I.
1233 3855 1266 3910 Α.

147 3932 177 3998 4)
197 3932 321 3985 lacobus.
353 3934 387 3986 A.
475 3935 504 4001 ὃ)
523 3935 559 3987 Et
585 3935 712 3988 maiorem
724 3932 815 4002 fuisse
837 3935 979 4000 palearum
1003 3949 1150 3995 eumenen,
1182 3947 1267 3998 neque

144 4023 235 4058 omnes
255 4014 302 4058 ortt
325 4016 418 4074 captas
447 4017 494 4059 cat
523 4009 672 4061 submersas
702 4025 765 4072 ease,
796 4013 914 4067 constan
943 4023 968 4056 v.
989 4005 1113 4058 Bartlcl.
1137 4002 1267 4069 Scribam,

147 4079 199 4133 Sd.
207 4079 320 4144 XVIII,
332 4082 393 4145 195,
406 4080 661 4134 etHuillard-Brdb.
675 4081 706 4145 V,
723 4081 803 4131 1120.
824 4079 922 4131 Procul
934 4079 1014 4130 dubio
1026 4085 1119 4131 auctor
1130 4077 1269 4146 epistolam

144 4155 284 4221 quandam
302 4153 437 4209 Friderioi
454 4165 557 4208 secutus
571 4164 617 4219 est,
630 4156 659 4206 in
673 4172 735 4220 qua,
751 4154 818 4206 siout
830 4152 860 4204 in
876 4151 967 4205 titteris
981 4152 1140 4215 storiatus,
1153 4152 1218 4204 ibid.
1237 4151 1267 4215 V,

152 4228 232 4292 1126,
250 4229 361 4280 navium
373 4230 448 4297 fuya
467 4230 620 4296 elapsurum
637 4229 715 4280 naua
726 4228 809 4296 fiebat
827 4225 931 4278 mentio.
953 4225 980 4278 0.
1055 4224 1084 4294 6)
1104 4223 1168 4278 Sine
1187 4225 1268 4277 dubio

147 4302 242 4353 similia
261 4302 310 4366 illi,
328 4319 398 4369 quae
418 4310 503 4355 enatat
522 4303 598 4369 apacd
610 4302 718 4353 Petrum
730 4301 763 4354 de
784 4300 868 4353 Vinea
880 4300 905 4365 I,
922 4296 1271 4352 alumnusalumnus

150 4374 299 4428 Faventino
318 4375 415 4429 ibidem
434 4377 556 4445 loquatur
569 4375 594 4439 I,
610 4393 641 4442 p.
656 4376 682 4428 8.
702 4373 735 4427 Α.
