2988 5058
259 331 311 381 332
387 329 536 382 OLIVERI
555 329 713 380 RELATIO
733 329 783 378 DE
803 329 1053 380 EXPEDITIONE
1073 330 1286 380 ΒΑΜΙΑΤΙΝΑ,

180 521 247 562 rats.
259 503 457 555 descenderunt
467 503 502 553 ad
512 501 687 568 Templarios.
724 501 777 552 Ubi
798 517 857 552 cum
872 501 970 554 diutius
989 511 1160 569 pugnaretur,
1179 504 1288 555 tandem
1302 506 1393 556 navis

258 578 403 644 perforata,
422 577 478 629 sive
499 576 533 626 ab
553 576 674 626 hostibus
694 576 750 626 sive
771 591 787 624 a
800 577 897 626 nostris
915 575 1046 627 incertum
1064 578 1204 641 habemus,
1219 577 1392 644 protundum

258 652 347 719 petiit,
379 650 553 715 submergens
577 650 708 714 Egyptios
738 665 797 698 cum
828 649 992 712 christianis,
1018 650 1088 701 adso
1113 657 1143 701 ut
1167 652 1213 702 vix
1241 653 1393 702 summitas
1483 671 1484 674 ¹

260 724 324 774 mali
343 740 423 790 super
443 740 540 790 aquam
560 725 730 788 appareret&
769 723 805 772 Et
822 724 893 773 sicut
907 723 1021 774 Samson
1038 722 1129 790 plures
1149 726 1244 775 stravit
1262 727 1390 775 moriens
1483 719 1484 724 ’

1483 685 1484 718 l

261 814 340 863 quam
360 799 464 860 vivens,
489 801 529 847 sic
549 798 629 846 etiam
654 798 698 846 isti
713 811 776 845 vere
803 802 932 861 martyres
958 797 1047 864 plnres
1072 813 1164 849 secum
1187 803 1328 848 traxerunt
1355 799 1389 848 iu
1483 811 1484 898 p

260 887 329 936 aque
358 872 523 935 voraginem,
556 886 635 935 quam
668 868 767 934 gladiis
800 869 951 920 interficere
982 872 1141 936 potuissent.
1180 871 1260 922 Cives
1290 876 1388 921 auteur

259 945 386 995 Damiate
407 951 541 994 cruentam
562 944 700 993 victoriam
727 957 802 992 suam
821 943 877 993 fere
899 945 914 992 l
934 943 1093 1011 planxerunt
1113 939 1236 996 diebusb.
1273 944 1389 995 Exinde

259 1024 366 1085 pontem
393 1023 557 1084 reparantes,
589 1022 739 1082 aperturam
765 1015 835 1066 adeo
866 1016 1032 1083 reliquerunt
1060 1025 1211 1082 angustam,
1239 1023 1270 1068 ut
1296 1033 1388 1068 naves

258 1099 365 1142 nostrae
385 1093 442 1141 sine
462 1091 582 1157 periculo
602 1091 714 1140 transire
734 1105 787 1139 uon
800 1095 919 1155 possent.
956 1091 1116 1141 Tlreutonici
1128 1105 1192 1140 vcro
1207 1096 1234 1141 et
1247 1091 1387 1142 Frcsones

264 1164 323 1216 nelo
342 1166 429 1215 iustae
452 1164 646 1229 indignationis
672 1163 798 1224 accincti,
824 1179 884 1213 cum
905 1164 1018 1214 minori⁶
1037 1165 1108 1226 navi,
1134 1165 1210 1218 cuius
1234 1165 1389 1215 ministerio

259 1240 338 1289 turris
366 1237 417 1288 fuit
448 1244 536 1303 capta,
568 1252 648 1302 quam
674 1234 774 1286 Gallici
799 1236 927 1287 Sanctam
951 1238 1064 1288 Matrem
1094 1237 1241 1304 appellant,
1269 1243 1383 1303 pontem

259 1311 372 1362 virilitor
396 1313 564 1372 invaserunt,
590 1309 717 1359 auxilium
742 1325 795 1358 non
815 1310 944 1362 habentes
969 1313 1021 1362 uisi
1045 1310 1078 1360 dc
1105 1311 1174 1362 celo.
1211 1305 1383 1361 Pauciores‘l

260 1391 349 1435 autem
368 1384 419 1433 viri
438 1399 517 1449 quam
537 1383 632 1433 decem
652 1381 685 1431 de
706 1389 786 1446 gente
806 1384 929 1450 predicta
948 1390 1042 1435 contra
1068 1400 1173 1434 omnem
1192 1385 1382 1434 fortitudinem

259 1457 468 1522 Babyloniorum
488 1463 595 1522 pontem
616 1456 802 1517 ascendentes,
821 1463 963 1523 spectante
981 1457 1152 1508 multitudine
1175 1457 1382 1508 christianorum

261 1538 288 1582 et
307 1531 377 1580 hanc
397 1529 539 1582 audaciam
559 1529 700 1596 plurimum
727 1529 881 1597 extollente,
906 1531 1044 1595 fregerunt
1071 1532 1186 1582 eundem
1207 1538 1234 1581 et
1258 1531 1297 1582 sic
1318 1546 1381 1580 curu

261 1609 374 1670 quatuor
399 1603 521 1664 navibus,
554 1619 634 1669 super
662 1619 728 1668 quas
757 1610 814 1654 erat
839 1619 904 1670 pons
936 1603 1071 1666 fundatus,
1103 1605 1205 1654 reversi
1230 1610 1292 1656 suut
1318 1619 1382 1654 cnm

260 1677 402 1743 triumpho,
429 1675 541 1726 liberam
561 1678 634 1727 viam
654 1684 681 1726 et
699 1683 819 1741 apertam
840 1693 943 1728 sursum
962 1676 1160 1728 velificantibus
1185 1676 1381 1743 relinquentes.

335 1752 360 1800 9.
379 1751 459 1800 Hiis⁰
477 1751 517 1800 ita
535 1752 627 1814 gestis,
639 1751 781 1800 Sarraceni
800 1751 947 1816 periculum
967 1750 1038 1816 quod
1059 1753 1097 1802 eis
1116 1751 1273 1801 imminebat
1292 1755 1382 1800 attcm

261 1823 364 1886 dentes,
389 1826 474 1890 ripam
494 1825 645 1890 oppositam
665 1823 742 1873 uobis
761 1824 868 1874 fossatis
895 1829 922 1874 et
946 1824 1074 1889 argillosa
1099 1825 1212 1874 materia
1238 1840 1297 1874 cum
1317 1839 1381 1890 pro·

259 1896 420 1963 pugnaculis
445 1897 543 1961 ligneis
572 1897 635 1948 altis
661 1898 825 1957 munierunt,
857 1898 996 1948 machinas
1029 1905 1055 1946 et
1080 1891 1232 1964 petrariasf
1256 1897 1381 1947 locantes

259 1970 369 2031 ibidem,
386 1970 463 2021 nobis
476 1987 550 2036 spem
566 1971 740 2020 auferentest
752 1985 799 2036 per
809 1971 897 2020 locum
908 1970 983 2020 illum
994 1971 1159 2022 transeundi.
1178 1971 1202 2022 A
1214 1971 1296 2022 casali
1306 1986 1381 2030 vero,

261 2043 332 2110 quod
352 2061 400 2110 per
418 2043 522 2093 miliare
541 2045 597 2094 fere
618 2043 701 2094 distat
721 2059 737 2093 a
758 2045 877 2108 civitate,
897 2045 944 2094 ubi
963 2045 1014 2094 hec
1033 2061 1103 2095 nova
1122 2045 1233 2095 munitio
1253 2044 1381 2094 termina-

179 2137 183 2145 ·
260 2119 347 2178 batur,
369 2134 417 2184 per
435 2123 614 2168 transversum
634 2117 750 2168 fluminis
769 2119 877 2168 navium
897 2119 1071 2168 inmersiones
1087 2119 1210 2168 feceruut
1229 2133 1287 2167 cum
1308 2116 1381 2183 palis

259 2189 348 2242 infixis
377 2193 485 2256 gurgiti.
535 2191 749 2241 Niohilhominus
781 2191 929 2258 apostolice
957 2192 1029 2241 sedis
1058 2191 1182 2256 legatus,
1213 2189 1377 2241 desiderium

262 2265 358 2314 bonum
378 2265 481 2314 habeus
501 2264 645 2314 obsidendi
665 2266 809 2327 civitatem,
828 2281 912 2316 naves
932 2265 1054 2329 superius
1069 2271 1246 2329 congregatas
1265 2263 1382 2328 urgebat

261 2339 296 2388 ad
315 2341 466 2388 transitum.
503 2337 582 2388 Unde
602 2354 738 2402 coggones
758 2337 966 2405 propugnaculis
986 2346 1013 2388 et
1033 2337 1192 2399 castellulis,
1203 2339 1272 2388 airis
1292 2338 1379 2387 eciam

261 2411 369 2461 armatis
389 2412 492 2470 muniti,
517 2427 576 2460 cum
596 2411 711 2476 galeidis
731 2418 758 2462 et
777 2412 838 2462 aliis
857 2413 970 2462 navibus
990 2411 1163 2477 sequentibus
1184 2410 1289 2462 Christo
1310 2410 1380 2460 duos

261 2484 397 2550 predictus
416 2486 592 2534 inmersiones
612 2491 762 2535 evaseruut.
799 2485 898 2536 Hostes
923 2491 1012 2536 autem
1037 2483 1203 2536 dissimulato
1228 2489 1300 2534 metu
1323 2488 1380 2534 tres

262 2557 369 2608 ordines
395 2563 555 2608 armatorum
579 2559 686 2608 stationi
713 2559 822 2608 riarium
846 2564 996 2609 nostrarum
1023 2563 1269 2624 contraposuerunt,
1297 2571 1380 2606 unam

261 2631 381 2696 peditum
410 2647 490 2696 super
508 2633 592 2697 ripam
613 2647 673 2681 cum
694 2631 788 2696 clipeis
816 2647 882 2695 quos
907 2626 1057 2697 thargyash
1082 2630 1220 2718 appellant
1242 2631 1381 2681 lineariter

261 2704 420 2763 ordinatam,
440 2705 586 2754 secundam
606 2710 667 2768 post
681 2704 786 2755 dorsum
802 2703 909 2755 illorum
930 2705 1046 2756 similem
1066 2706 1158 2770 priori,
1177 2705 1283 2754 tertiam
1303 2705 1380 2769 cqui-

260 2783 315 2826 tum
335 2776 443 2842 longam
461 2782 487 2826 et
506 2777 662 2840 terribilem,
680 2779 778 2828 ictibus
797 2777 916 2844 lapidum
932 2784 959 2828 ct
972 2778 1084 2828 telorum
1097 2779 1239 2845 plurimum
1252 2775 1379 2826 vexando

153 2829 250 2927 ,3312
261 2851 403 2902 stationem
422 2851 634 2900 christianorum.
674 2852 745 2902 Saue
765 2860 845 2902 nocte
865 2851 1070 2938 sollempnitatis
1092 2857 1185 2902 sancte
1199 2851 1304 2916 Agathe
1323 2851 1378 2900 vir-

261 2924 340 2986 ginis,
362 2939 420 2972 oum
442 2919 622 2974 coadunatusi
643 2932 714 2976 esset
732 2925 846 2991 populus
866 2924 994 2987 fidelium,
1021 2926 1067 2990 qui
1085 2927 1209 2990 sequenti
1229 2924 1272 2974 die
1291 2930 1378 2973 nans-

260 2997 357 3046 siturus
372 3001 438 3057 erat,
458 2996 547 3063 pluvie
562 3004 589 3046 et
600 3001 674 3048 renti
688 2999 798 3048 multum
813 2997 978 3049 difficultatis
997 3005 1023 3048 et
1040 2998 1199 3049 discriminis
1215 2997 1379 3047 addiderunt

259 3071 365 3121 uostris.
404 3069 459 3121 Sed
479 3069 566 3122 fidelis
580 3072 664 3131 Deus,
684 3073 730 3139 qui
749 3087 801 3122 nou
820 3074 920 3138 patitur
937 3087 999 3122 suos
1019 3074 1143 3138 temptari
1162 3087 1242 3137 super
1260 3070 1288 3119 id
1304 3071 1379 3134 quod

260 3150 379 3206 possunt,
397 3145 545 3209 respiciens
558 3144 592 3193 ad
607 3151 695 3196 castra
708 3161 843 3196 servorum
856 3161 972 3207 suorum,
993 3146 1064 3210 quod
1078 3144 1224 3196 secundum
1238 3144 1378 3193 inferiores

261 3231 356 3267 causae
376 3215 486 3267 difficile
506 3218 593 3268 fuerat
610 3219 655 3268 vel
677 3218 843 3285 inpossibile,
870 3220 1001 3269 convertit
1025 3220 1053 3267 in
1081 3218 1240 3268 facilitatem
1265 3223 1292 3267 ct
1310 3231 1377 3281 gau·

261 3289 343 3353 dium,
369 3306 415 3342 sue
434 3292 541 3340 virtutis
559 3290 689 3344 innovans
710 3291 847 3342 miracula.
885 3293 950 3342 Post
969 3292 1084 3341 mediam
1111 3290 1243 3357 siquidem
1269 3295 1377 3339 noctem

259 3368 361 3416 tantum
382 3379 507 3430 pavorem
527 3364 639 3415 soldano
653 3364 791 3416 Babilonis
807 3371 834 3415 et
846 3360 983 3431 satrapisk
1004 3367 1060 3416 eius
1078 3366 1199 3424 incussit,
1218 3369 1255 3426 ut,
1275 3363 1377 3414 relictis

261 3438 363 3496 castris,
383 3439 568 3502 ignorantibus
589 3441 676 3488 eciam
695 3439 829 3504 Egyptiis,
859 3454 925 3503 quos
945 3437 980 3488 ad
999 3438 1177 3489 resistendum
1198 3436 1377 3498 ordinaverat,

259 3509 287 3560 iu
313 3509 373 3561 sola
399 3511 464 3575 fuga
492 3527 567 3578 spem
596 3518 715 3577 poneret.
759 3510 874 3573 Quidam
905 3517 1038 3577 apostata,
1070 3512 1116 3576 qui
1144 3510 1227 3562 multo
1255 3515 1376 3576 ternpore

260 3583 463 3634 christianorum
487 3583 576 3650 legem
608 3591 789 3649 transgressus
816 3599 876 3634 cum
908 3583 1021 3635 soldano
1047 3585 1216 3646 militaverat,
1243 3589 1316 3634 stans
1347 3584 1376 3632 iu

258 3658 317 3722 ripa
336 3656 442 3707 Gallice
462 3657 610 3708 clamabat:
631 3659 729 3720 ‘Quare
749 3658 906 3708 moramini?
935 3658 1006 3719 Quid
1026 3653 1204 3724 trepidatis?¹
1230 3656 1303 3706 Ecce
1322 3654 1375 3706 sol-

260 3730 344 3780 danus
364 3731 446 3782 abiit'.
485 3733 520 3780 Et
532 3731 584 3780 hec
599 3733 701 3794 diceus,
719 3747 748 3781 se
771 3733 798 3780 in
812 3731 936 3781 navicula
951 3731 1152 3782 christianorum
1166 3732 1250 3796 recipi
1264 3730 1376 3794 rogavit,

258 3809 288 3852 nt
305 3805 333 3851 in
352 3809 484 3869 potestate
504 3819 594 3854 corum
613 3806 715 3870 positus
734 3803 814 3854 fidem
829 3804 907 3854 dictis
921 3805 1030 3855 laceret.
1069 3804 1178 3855 Summo
1196 3805 1287 3868 itaque
1307 3801 1374 3852 dilu-

259 3875 320 3926 culo
350 3892 409 3926 cum
434 3877 589 3927 inchoatum
619 3885 690 3928 esset
713 3877 825 3928 offitium
853 3879 1004 3944 missaper
1033 3879 1148 3928 oratoria
1173 3877 1375 3928 christianorum

257 4037 280 4091 a)
296 4040 334 4079 vix
355 4049 376 4078 a.
393 4040 418 4080 L.
480 4039 551 4092 blito
567 4043 628 4091 Ecc.,·
650 4044 671 4084 d.
692 4045 725 4093 pl.
743 4043 783 4093 G.,·
807 4043 909 4092 quinque
931 4041 1011 4081 diebus
1027 4041 1069 4091 L.,·
1091 4042 1146 4081 deest
1162 4053 1180 4084 c.
1241 4039 1262 4092 o)
1278 4040 1375 4079 mlulma

257 4101 312 4138 navi
329 4099 391 4147 galia
413 4105 545 4149 noncupata
566 4107 660 4150 pontem
676 4103 701 4143 L.
763 4102 786 4154 d)
804 4102 886 4142 etvini
906 4112 953 4140 uon
976 4101 1049 4150 pluris
1071 4111 1140 4149 quam
1162 4101 1241 4140 decem
1262 4110 1313 4138 cum
1331 4099 1375 4138 Dei

257 4159 372 4198 adiutorio
388 4159 407 4196 L
477 4157 499 4210 e)
516 4161 587 4199 littora
602 4162 623 4200 Η
638 4161 706 4200 rubro
721 4162 833 4201 scribenda
849 4161 903 4199 decet
919 4171 937 4200 c.
1005 4159 1023 4210 s)
1039 4160 1138 4208 pirarius
1154 4171 1171 4202 c.
1246 4156 1269 4208 g)
1284 4159 1375 4200 auferre

257 4217 387 4267 gestiebant
402 4218 426 4256 t.
488 4215 511 4269 b)
526 4221 626 4260 tarchlas
643 4221 668 4260 L.
733 4219 751 4271 l)
768 4220 882 4262 coadduu.
896 4231 915 4260 c.
975 4217 1000 4270 k)
1017 4220 1116 4258 catervis
1131 4219 1156 4260 L.
1217 4217 1235 4270 l)
1250 4217 1311 4266 Quid
1327 4227 1376 4258 esu·

256 4278 308 4318 ritis
323 4277 373 4317 add.
390 4277 415 4318 L.
