3102 4978
378 446 564 500 CHRONICA
583 445 696 498 REGIA
715 446 967 500 COLONIENSIS.
1135 446 1233 498 XXIII

113 617 232 680 ibidem
254 553 401 680 servatas
428 637 480 679 nr.
506 613 724 679 1381-1392.
746 623 775 677 et
796 637 848 678 nr.
870 614 964 679 5535.
995 615 1170 701 descripsit
1193 616 1232 680 de

13 739 16 764 t
114 699 335 786 Reiffenberq,
367 698 563 764 ‘Annuaire'
595 697 664 780 VII,
692 722 729 784 p.
763 698 814 763 59.
845 700 895 766 69.
950 699 1082 763 Paucas
1104 709 1232 764 tantum

110 784 338 933 (26316easque
361 783 555 870 plerumque
576 783 771 848 decurtatos
793 782 897 849 edidit
918 785 1078 865 Martene,
1103 783 1180 850 Cott.
1203 785 1231 866 1,

109 893 146 954 P·
205 891 480 1022 Vlsqqlllioeri
525 950 641 1015 relatio
689 951 728 1015 de
770 954 1016 1038 enpuqnatione
1051 953 1232 1018 Damiatae

113 1059 153 1101 em
175 1037 306 1102 duabus
336 1036 482 1121 epistolis
505 1036 551 1099 ad
574 1035 777 1101 Colonienses
807 1037 904 1115 datis,
934 1045 971 1099 ut
996 1037 1135 1116 videtur,
1157 1058 1232 1100 con·

104 1119 210 1206 fecta,
237 1119 363 1186 alibro
411 1131 459 1184 ost
479 1121 574 1194 edito,
628 1121 715 1184 rima
729 1122 928 1205 praesertim
947 1117 1058 1206 parte,
1088 1123 1232 1202 diversa,

112 1215 219 1272 exstat
252 1209 290 1270 in
327 1228 363 1269 co
388 1208 436 1270 icc
473 1204 552 1268 olim'
584 1142 626 1269 ἔ
650 1203 877 1286 Pantaleonis,
920 1195 1012 1268 nuni
1045 1203 1230 1288 Guelfer-

113 1293 131 1357 b
138 1301 264 1379 qtano
286 1292 373 1354 inter
393 1288 570 1353 Gudianos
591 1311 642 1352 nr.
666 1289 737 1369 131,
773 1287 816 1355 ol.
839 1289 954 1369 5-17‚
977 1312 1079 1353 manu
1101 1312 1126 1352 s.
1138 1289 1231 1353 XIII.

112 1371 1232 1543 standoDounonunstruttorrebant·

226 1509 233 1526 ·
318 1507 326 1522 ·
372 1503 380 1519 ·
489 1506 496 1520 ·
612 1505 621 1538 r
676 1503 684 1519 ·
853 1503 873 1536 ⁸2
1221 1496 1233 1506 ·

111 1544 194 1610 lium
219 1552 382 1607 auctorem
403 1543 462 1606 boc
483 1565 579 1605 usum
601 1564 668 1604 esse
683 1540 865 1626 cnemplari
879 1544 988 1606 minus
1001 1551 1083 1607 recte
1097 1544 1232 1607 monuit.

111 1629 204 1692 Nam
226 1650 292 1692 non
308 1629 433 1712 paucis
454 1625 534 1692 locis
544 1627 689 1711 propius
706 1626 751 1690 ad
764 1627 875 1710 ipsam
889 1625 1059 1710 epistolam
1076 1627 1234 1691 accedunt

113 1737 135 1777 a
159 1711 297 1776 Gelenio
319 1707 466 1792 (liudem
487 1710 647 1774 libertatis
674 1709 747 1774 cccl.
769 1719 798 1774 et
819 1719 905 1774 mart
927 1733 947 1772 r
966 1709 1001 1775 S.
1017 1711 1233 1796 Enqelbertus

109 1821 146 1882 p.
158 1796 233 1860 329.
248 1805 277 1860 et
291 1795 492 1942 Bonqarsio,
510 1794 608 1859 Gesta
619 1794 685 1858 Dei
700 1817 739 1879 p.
757 1795 855 1874 1185)
878 1734 1008 1859 editam.
1041 1796 1233 1879 Enscripsit

123 1882 155 1944 V.
184 1879 234 1946 Ol.
258 1879 366 1943 Krusc
390 1924 399 1940 .
446 1876 577 1942 Gelenii
606 1876 672 1960 (G)
705 1887 734 1941 et
759 1878 906 1943 Eccardi
939 1877 1054 1964 (Corp.
1082 1880 1155 1943 bist.
1177 1879 1231 1961 ΙΙ)

113 1963 265 2030 lectiones
298 1986 354 2028 eas
381 1971 509 2027 tantum
542 1961 640 2026 attuli
674 1983 759 2045 quae
795 1963 842 2026 ad
873 1963 959 2026 banc
991 1963 1232 2028 emendandam

113 2050 333 2114 recensionem
346 2046 464 2128 facere
485 2047 700 2128 videbantur;
730 2046 862 2110 ultimae
885 2048 982 2132 parti
1009 2049 1171 2133 quaedam
1192 2069 1233 2112 eu

113 2135 261 2220 sequenti
281 2132 363 2197 libro
384 2131 518 2196 subieci.

207 2217 277 2280 VH.
323 2215 431 2282 Coden
447 2215 743 2300 Luqdunensis
764 2213 1231 2296 inteerssianosnr.95‚

105 2301 172 2386 fol.
189 2302 294 2364 cbart.
317 2309 346 2363 et
366 2300 495 2364 membr.
518 2323 543 2362 3.
558 2299 625 2379 XV,
649 2301 821 2364 bistoriam
843 2301 966 2363 breuem
988 2300 1233 2384 enpeditionum

13 2421 18 2446 .
113 2388 151 2450 in
175 2387 312 2450 Terram
341 2383 500 2448 Sanctam
526 2407 558 2447 a.
583 2384 801 2448 1217-1219.
830 2393 1054 2467 susceptarum
1082 2385 1232 2447 continet.

115 2470 264 2534 Primam
288 2471 359 2532 eius
375 2477 518 2553 partem,
566 2491 630 2532 uae
662 2469 701 2532 de
732 2469 828 2532 rebus
855 2471 892 2532 in
915 2467 1113 2554 Portuqalia
1135 2469 1233 2554 pestis

115 2557 196 2640 aqit,
221 2575 293 2616 cum
314 2551 504 2616 Annalibus
553 2552 771 2617 oloniensibus
800 2562 876 2616 arta
898 2553 1136 2616 necessitudine
1158 2575 1232 2616 con·

114 2640 265 2702 iunctam
286 2659 362 2718 esse,
384 2636 544 2701 Robricbt
565 2638 677 2701 docuit
697 2638 959 2722 (‘Forscbunqen
981 2660 1008 2699 e.
1023 2637 1066 2702 D.
1085 2635 1133 2700 G!
1148 2636 1233 2717 XVI,

109 2746 147 2808 p.
161 2723 252 2804 153).
289 2721 356 2786 Sed
371 2729 490 2784 neutra
511 2724 665 2786 narratio
680 2743 721 2784 en
742 2719 846 2785 altera
860 2723 1026 2806 descripta
1042 2743 1107 2785 3333
1117 2730 1233 2805 potest,

115 2807 172 2871 sed
196 2805 311 2870 ambae
332 2805 378 2868 ad
393 2827 590 2870 communem
601 2805 732 2890 fontem
747 2807 892 2888 redeunt,
910 2805 1100 2870 relationem
1114 2803 1235 2889 procul

115 2891 214 2956 dnbio
238 2899 315 2954 tunc
338 2891 505 2972 scripturn.
552 2889 644 2962 Quae
665 2899 732 2953 tam
753 2892 791 2954 in
813 2890 907 2955 rebus
928 2891 1114 2954 narrandis
1137 2912 1235 2976 qnam

116 2977 150 3039 in
182 2974 327 3059 sinqnlis
353 2973 549 3059 quibusdam
578 2973 683 3037 uerbis
709 2997 782 3039 cum
811 2977 954 3037 carmine
985 2999 1011 3038 a
1030 2974 1172 3038 Gosoino
1195 2973 1234 3036 de

116 3059 364 3146 enpuqnatione
386 3059 488 3123 castri
509 3057 644 3122 Alcacer
673 3058 816 3142 confecto
844 3060 1002 3137 convenit,
1030 3058 1132 3122 multa
1159 3080 1233 3122 uero

117 3143 211 3208 babet
235 3144 275 3208 ab
299 3144 357 3206 boc
373 3142 485 3206 aliena
505 3151 534 3205 et
556 3145 744 3206 accuratius
766 3165 931 3228 cupresso.
978 3141 1089 3216 Quare
1103 3145 1234 3207 minime

117 3251 251 3292 carmen
272 3229 311 3291 in
333 3225 492 3291 relatione
520 3227 586 3289 ista
616 3226 799 3290 adhibitum
809 3239 832 3307 1,
868 3227 923 3291 sed
956 3235 1127 3312 utrumque
1150 3248 1235 3309 opus

117 3313 221 3377 eidem
242 3335 308 3376 3333
330 3311 539 3375 tribuendum
547 3320 569 3389 ²,
591 3319 673 3374 recte
695 3311 939 3374 statueremilei
952 3312 1075 3376 uideor.
1119 3309 1235 3374 Altera

114 3406 212 3481 parte
234 3396 375 3460 bistoria
397 3395 654 3480 enpaqnationis
682 3394 775 3458 urbis
801 3394 980 3460 Damiatae
1007 3403 1178 3476 narratur,
1208 3403 1236 3458 et

117 3484 195 3565 ipsa
225 3503 265 3546 en
299 3479 423 3544 Olioeri
449 3480 595 3565 epistolis
624 3479 763 3561 bansta,
799 3479 857 3543 sed
884 3481 943 3560 ita,
980 3489 1016 3543 ut
1048 3501 1131 3564 quae
1163 3501 1236 3543 cum

119 3587 236 3628 earum
258 3568 375 3649 prima
405 3565 604 3628 conveniunt
637 3563 741 3628 multa
771 3563 952 3648 praebeant
983 3562 1172 3648 peculiaria
1208 3571 1238 3627 et

118 3647 283 3712 nonnulla
300 3670 444 3733 prorsus
465 3670 561 3713 noua.
605 3648 682 3712 Ideo
705 3647 801 3712 aliud
821 3649 892 3712 eius
920 3647 1087 3732 enemplar
1109 3648 1238 3712 auctori

120 3734 165 3797 ad
186 3754 307 3796 manus
323 3733 446 3817 faisse,
474 3741 657 3796 statuamus
685 3741 819 3818 oportet.
865 3729 947 3806 Quis
972 3733 1026 3796 ille
1042 3732 1163 3817 fuerit,
1196 3754 1237 3796 ne

119 3818 281 3882 coniiccre
296 3817 426 3903 quidem
448 3818 568 3880 ausim.
610 3815 870 3902 Nonnumquam
891 3826 997 3882 testem
1019 3814 1183 3905 ocularem
1205 3838 1238 3882 sc

119 3902 270 3966 indicare
291 3902 440 3984 ridetnr;
463 3900 545 3965 alibi
563 3922 638 3964 nero
660 3903 883 3966 narrationem
899 3902 1074 3966 arbitrario
1088 3903 1238 3982 mutavit,

122 4081 150 4146 1)
169 4081 306 4146 Bbbricbt,
331 4081 459 4134 ‘Forsan'
484 4084 500 4133 l.
518 4084 535 4134 l.
549 4101 579 4148 p.
602 4082 653 4132 148
675 4086 716 4147 ‘n.‚
740 4083 787 4134 boa
812 4081 841 4134 in
865 4080 1015 4134 Annalibus
1043 4080 1238 4134 Ooloniensibns

120 4153 282 4220 suscriptum
295 4155 414 4221 putavit.
489 4154 517 4223 2)
540 4155 614 4218 Quae
638 4155 695 4206 iam
713 4155 747 4207 K.
762 4157 839 4208 Pertn
864 4155 983 4208 uersibus
1007 4156 1117 4208 heroicis
1137 4153 1238 4222 scripto

121 4244 176 4278 3333
195 4228 306 4292 monuit,
326 4229 356 4279 in
374 4229 490 4281 carmme
509 4230 583 4281 band
602 4236 751 4293 occurrunt,
771 4231 818 4282 sed
837 4231 950 4282 eandem
970 4236 1102 4281 amtorem
1116 4229 1238 4294 poeticae

122 4301 247 4352 locutiom‘
266 4310 399 4354 assuetum
412 4303 540 4368 probant.
577 4302 650 4366 Alia,
676 4311 706 4354 nt
729 4304 859 4356 auriferas
878 4306 969 4370 Tagus
992 4301 1022 4352 in
1041 4310 1151 4366 utroque
1171 4299 1238 4352 libro

121 4375 255 4440 loquutur.
299 4375 390 4440 Neque
423 4377 526 4428 brevior
556 4375 664 4428 dicendi
691 4376 761 4427 ratio
790 4376 819 4427 in
844 4375 959 4428 camnine
987 4377 1109 4426 notanda
1135 4374 1239 4426 obstare

13 4475 14 4530 3
121 4447 236 4501 videtur.
