3122 4978
694 1277 811 1344 PARS
836 1275 1022 1352 QUINTA.

644 1386 813 1439 continuatio
831 1387 874 1439 ΙΙ.
889 1387 972 1439 ,coda
991 1386 1047 1436 Aa.
1058 1387 1084 1437 3.

530 1494 625 1556 Anno
648 1491 806 1556 dominice
828 1491 1056 1555 incarnationis
1080 1490 1173 1554 1200.

382 1574 551 1641 Ounradus
591 1577 826 1662 Moguntiensis
866 1575 1130 1660 archiepiscopus
1172 1573 1251 1639 obiit
1287 1574 1317 1638 8.
1339 1573 1415 1638 Kal.

297 1659 493 1744 Novembr.;
509 1663 561 1725 cui
573 1660 741 1746 Philippus
756 1683 818 1724 rex
828 1658 1012 1746 Lupoldnm
1023 1660 1209 1724 Wormacie
1226 1660 1417 1746 episcopum

298 1744 473 1809 substituit.
528 1746 605 1811 Otto
635 1767 712 1810 vero
748 1767 808 1808 rex
836 1745 870 1809 Si
896 1744 998 1807 efrido
1026 1743 1065 1808 de
1087 1743 1308 1829 Elppensteina
1334 1744 1417 1827 regi-

297 1850 372 1892 men
395 1837 427 1893 et
447 1831 519 1892 iura
540 1830 695 1916 episcopii
718 1764 920 1894 contradidit.
955 1828 1048 1894 Unde
1072 1822 1250 1912 Sigsfridus
1272 1825 1417 1892 utilitati·

297 1912 358 1976 bus
380 1935 438 1999 pro
463 1914 518 1977 riis
540 1912 717 1992 consulens,
740 1913 875 1978 Romam
904 1935 975 1977 sese
1005 1911 1149 1992 contulit,
1177 1912 1415 1998 promotionem

298 1997 413 2060 suamb
436 1937 553 2062 domno
575 2021 660 2085 pape
684 1999 826 2063 seriatim
848 2000 1006 2083 exposuit.
1050 1996 1117 2062 Ubi
1138 1995 1314 2082 apostolica
1340 2017 1415 2060 auc-

296 2083 424 2147 toritate
446 2084 482 2146 in
502 2081 780 2169 archiepiscopum
803 2081 1043 2162 confirmatus1,
1066 2090 1199 2166 accepto
1221 2079 1318 2166 pollio
1340 2102 1415 2144 cum

297 2163 367 2229 aliis
396 2165 633 2252 episcopalibus
660 2167 816 2253 insigniis,
839 2176 1056 2251 perceptaque
1085 2164 1319 2247 benedictione,
1342 2186 1416 2228 cum

234 2261 237 2266 '
297 2249 418 2314 honore
441 2273 461 2314 a
505 2271 567 2335 apa
589 2250 739 2315 dimissus
763 2251 940 2314 revertitur.
983 2251 1100 2314 Werra
1114 2250 1224 2335 gravis
1246 2249 1329 2313 inter
1348 2249 1413 2312 iam

298 2332 400 2398 dictos
432 2273 532 2398 multo
562 2343 707 2420 tempore
743 2355 947 2398 succrescens
977 2334 1112 2397 nimium
1147 2331 1295 2416 invaluit,
1329 2333 1414 2396 unde

297 2418 529 2503 Mogontiensis
553 2418 690 2483 ecclesia
711 2417 857 2504 pluribus
879 2419 971 2481 annis
986 2418 1143 2502 legittimo
1158 2427 1287 2503 pastore
1304 2417 1413 2482 caruit.

535 2502 629 2566 Anno
652 2502 811 2567 dominice
832 2503 1060 2566 incarnationis
1084 2503 1175 2566 1201.

382 2584 548 2732 Lupoldus
563 2586 747 2651 Wormacie
770 2586 942 2672 episcopus
964 2607 984 2648 a
1004 2607 1089 2671 papa
1104 2586 1414 2666 excommunicatur,

299 2689 336 2730 ec
359 2689 422 2754 quo
461 2679 572 2734 contra
586 2691 708 2735 morem
724 2669 976 2735 ecclesiasticum
992 2692 1055 2734 non
1073 2671 1234 2750 canonice,
1250 2670 1307 2734 sed
1322 2670 1414 2756 quasi

298 2773 356 2836 per
389 2751 573 2818 violentiam
605 2755 861 2838 Mogontiensem
894 2757 1116 2840 episcopatum
1153 2753 1305 2819 invadere
1345 2775 1415 2839 pre-

299 2838 481 2922 sumpserit,
505 2859 577 2902 cum
599 2838 633 2902 id
656 2839 725 2903 fieri
747 2840 850 2903 sancti
872 2859 1010 2902 canones
1032 2839 1137 2902 modis
1161 2838 1308 2903 omnibus
1333 2837 1414 2901 inhi-

298 2918 406 3003 beant,
423 2920 529 2986 Leone
544 2943 629 3008 papa
643 2933 830 3004 attestante,
853 2924 909 3010 qui
923 2925 1028 2987 ait⁰·²:
1066 2923 1107 2988 Si
1136 2925 1208 3007 qais
1230 2925 1414 3008 episcopas,

299 3005 440 3069 civitatis
468 3029 524 3070 sae
550 3009 771 3084 mediocritate
804 3009 961 3093 despecta,
996 3009 1324 3072 amministrationem
1352 3007 1416 3070 loci

299 3087 483 3154 celebrioris
507 3093 622 3156 abiecit
644 3101 673 3155 et
695 3093 740 3156 ad
760 3095 915 3156 maiorem
938 3115 970 3156 se
1016 3091 1112 3159 labem
1134 3114 1273 3176 paneam
1295 3113 1335 3154 ae
1360 3113 1415 3153 ra-

297 3175 383 3237 tione
398 3177 610 3256 transtulerit,
623 3177 778 3240 cathedra
790 3177 918 3262 quidem
926 3199 968 3261 pe
995 3186 1071 3240 ata-r
1087 3175 1208 3256 aliena,
1227 3197 1258 3238 se
1292 3175 1415 3238 carebit

299 3266 327 3320 et
342 3261 499 3343 propria,
521 3270 557 3324 at
578 3285 634 3326 nec
657 3261 724 3325 illis
747 3262 917 3344 presideat
944 3283 1023 3346 qaas
1044 3283 1109 3346 per
1136 3261 1315 3324 avaritiam
1341 3279 1414 3321 con-

298 3345 433 3426 aapirit,
455 3367 512 3408 nee
533 3343 601 3409 illis
623 3368 703 3429 qaas
719 3368 784 3431 per
805 3346 992 3430 snperbiam
1014 3345 1170 3429 desperit.
1235 3339 1413 3428 Sigefridus

297 3427 352 3491 Mo
377 3429 503 3492 antinus
537 3428 657 3493 electus
689 3428 798 3493 favore
831 3439 864 3493 et
895 3451 1053 3493 consensu
1108 3451 1169 3514 ape
1198 3425 1413 3492 aGuidone‘l

300 3450 454 3576 cardinali
476 3512 562 3599 apud
584 3513 728 3576 Xantum
750 3513 778 3576 2.
801 3512 876 3578 Kal.
889 3512 960 3579 Oct.
984 3514 1016 3576 in
1038 3451 1319 3611 arcbiepiscopum
1342 3533 1413 3575 con-

300 3607 473 3678 secretum,
504 3597 751 3682 suffragantibus
780 3596 918 3662 Adolfo⁰
946 3595 1130 3661 Coloniensi
1161 3596 1412 3683 arch1episcopo,

299 3679 497 3744 Herimanno
526 3681 768 3746 Monasteriensi
792 3682 955 3768 episcopo,
977 3681 1158 3767 presidente
1182 3681 1299 3748 Ottone
1328 3702 1413 3766 rege,

299 3763 471 3828 Heinricof
493 3763 574 3830 duce
595 3764 737 3830 Levanie
759 3776 791 3830 et
811 3764 881 3830 aliis
905 3787 1001 3852 quam
1022 3764 1177 3852 pluribus.

298 3961 320 4014 a)
336 3964 495 4013 Eppensthstn
511 3966 559 4007 At.
633 3964 656 4014 b)
673 3975 737 4006 suam
754 3977 769 4006 a
784 3966 805 4008 d.
822 3967 871 4008 Aa.
948 3964 969 4018 c)
985 3969 999 4017 a
1015 3967 1056 4008 etti
1072 3966 1121 4008 Aa.
1203 3963 1226 4016 d)
1244 3963 1348 4006 Gviccne
1364 3964 1410 4006 At.

298 4021 320 4074 s)
337 4023 439 4063 Adholfo
455 4023 497 4064 Aa
513 4035 594 4074 semper
604 4024 661 4073 sere.
730 4023 748 4076 s)
764 4026 836 4066 Hem.
854 4027 895 4067 Aa
910 4037 1081 4076 nonnumquam.

300 4195 327 4258 1]
352 4191 384 4246 A.
412 4197 490 4261 1202,
516 4196 600 4250 Mart.
626 4199 671 4260 21,
690 4195 813 4262 Bibmer,
840 4197 903 4264 Ray.
918 4214 950 4263 p.
971 4198 1032 4250 300.
1124 4193 1153 4261 2)
1173 4193 1260 4262 Epist.
1283 4195 1325 4258 14,
1345 4211 1365 4244 a.
1386 4192 1412 4254 8,

292 4269 436 4412 {optim
450 4273 571 4336 12.1283.
629 4272 658 4339 3)
669 4271 714 4323 Ita
732 4269 803 4322 Ann.
824 4269 853 4324 S.
875 4269 1009 4336 Gereonio,
1029 4269 1120 4337 infra,
1145 4271 1179 4336 cs.
1199 4267 1378 4321 Winkelmann
1387 4266 1412 4329 I,
