3102 4978
287 407 369 459 XXII
560 405 748 459 CHRONIOA
766 406 879 458 REGIA
900 403 1151 458 COLONIENSIS.

291 575 416 640 codices
441 575 497 640 Cl
527 583 556 638 et
583 574 647 638 BI
676 571 783 657 (02),
812 595 843 645 a,
868 573 1086 640 1106-1199.
1109 575 1234 639 codices
1256 575 1288 639 A
1315 584 1344 640 et
1364 575 1407 658 B,

286 668 403 746 postea
421 657 450 724 C
467 667 495 722 et
510 658 542 721 B
558 658 736 744 praebent,·
763 656 846 721 olibi
866 659 1082 722 recensionem
1107 657 1146 740 C,
1170 682 1254 745 quoe
1274 651 1409 728 interii

292 754 320 810 et
342 744 374 806 B
395 743 536 807 mediam
584 751 686 806 artem
706 750 799 822 tenet,
822 765 895 806 cum
916 765 955 806 ea
977 745 1217 830 coninnqemm,
1241 745 1287 808 ad
1309 768 1409 830 quam

287 852 334 914 pr
379 831 433 892 ius
456 766 590 894 accedd.
625 826 781 893 Codicum
796 827 860 889 Al
883 835 912 888 et
933 827 997 890 Bl
1021 829 1194 914 inteqram,
1216 828 1283 893 As
1304 838 1334 894 et
1351 829 1407 896 01

292 921 321 977 et
391 910 593 998 neqliqenter
621 920 833 977 enaratorum
857 912 1080 1010 praecipuam
1106 919 1234 976 tantum
1262 913 1410 980 lectionis

292 999 481 1062 uarietatem
501 999 674 1080 proposui,
712 1003 942 1060 annotationes
968 1018 1045 1061 oero
1073 1018 1129 1060 eas
1158 997 1288 1080 addidi,
1325 1021 1410 1084 quae

283 1083 408 1166 fontes,
431 1089 585 1167 quotquot
604 1080 828 1158 innotuerunt,
855 1080 1019 1161 indicant,
1048 1090 1195 1166 tempora
1218 1084 1409 1148 accuratius

293 1166 455 1250 definiunt
465 1174 494 1228 et
505 1185 630 1229 errores
643 1164 683 1227 al
692 1164 879 1228 auctoribus
887 1167 1071 1229 commissos
1080 1164 1264 1231 breviteren
1288 1176 1411 1252 anunt,·

292 1253 330 1316 in
339 1249 457 1336 quibus
466 1247 675 1330 conficiendis
687 1271 770 1334 quoe
779 1248 838 1316 VV.
850 1246 908 1313 Cll.
916 1189 1411 1336 Lehmann,Hatner,Xcleffer-

293 1335 478 1414 Boiclorst,
504 1331 689 1415 Cardauns,
711 1333 831 1414 Arndt,
860 1333 896 1396 0.
911 1333 1001 1415 Abel,
1024 1333 1250 1398 Winlcelmann
1273 1335 1335 1400 olii
1356 1358 1411 1400 en·

294 1419 471 1484 diluerunt
496 1440 616 1503 maqno
645 1419 724 1482 usui
750 1419 833 1483 mili
843 1418 966 1502 fuisse,
995 1427 1091 1504 qrato
1115 1420 1226 1482 animo
1243 1420 1412 1502 profiteor.

379 1502 433 1587 Ap
459 1502 585 1566 endicis
606 1501 675 1566 loco
698 1503 806 1566 adieci
826 1511 1035 1567 monumenta
1049 1503 1201 1566 breviora
1222 1512 1290 1567 tam
1312 1504 1410 1569 listo-

210 1638 212 1642 -
294 1590 383 1654 riam
433 1586 628 1651 oloniensem
649 1607 674 1648 s.
689 1586 764 1652 XII.
792 1596 821 1648 et
842 1586 935 1650 XIII.
965 1609 1065 1671 quam
1088 1585 1271 1653 Chronicae
1299 1590 1411 1674 reqiae

295 1681 332 1736 ut
351 1673 402 1735 ita
423 1671 532 1734 dicam
554 1668 682 1733 natales
704 1679 733 1732 et
744 1669 828 1754 fata
849 1669 1065 1735 illustrantia.

381 1756 408 1818 I.
454 1755 618 1819 Versionis
648 1752 865 1820 Germanicae
888 1756 1136 1840 praefationem
1166 1778 1207 1820 ecc
1234 1755 1304 1822 cod.
1332 1756 1411 1844 Lip-

295 1841 398 1906 siensi
419 1839 518 1922 (Bt)
541 1839 713 1923 descripsi.

381 1924 427 1986 II.
470 1922 619 1987 Annales
648 1922 902 2003 &Gereonio
933 1922 1199 1989 Colonienses
1232 1947 1274 1989 ea·
1306 1925 1415 1992 codice

292 2033 386 2073 ¹nunc
408 2005 571 2072 tabularii
600 2010 687 2094 reqii
707 2007 1004 2090 Dusseldorflensis
1025 2009 1175 2093 primum
1203 2009 1285 2073 editi
1307 2010 1413 2073 ‘Iatr-

297 2093 416 2157 be'tclter
438 2091 494 2155 des
516 2092 646 2156 Vereins
668 2115 731 2156 oon
743 2091 1108 2176 Altertliumsfreunden
1130 2095 1175 2157 im
1195 2093 1415 2158 Rheinlande'

296 2177 373 2256 XII,
392 2200 428 2262 p.
453 2177 534 2258 154,·
556 2177 641 2259 XIV,
694 2179 776 2259 ‚ln
824 2186 873 2242 ost
894 2199 915 2240 a
936 2177 1080 2240 Bdlmer
1101 2179 1188 2242 inter
1208 2177 1326 2242 Fontes
1348 2178 1413 2260 III,

292 2285 331 2347 p.
354 2261 427 2326 399.
455 2263 586 2346 recepti,
621 2284 642 2323 a
663 2200 692 2325 i.
714 2286 755 2324 m.
811 2262 887 2323 .H.
908 2260 1001 2323 Pertz
1027 2282 1102 2325 uero
1131 2282 1171 2325 en
1200 2263 1275 2346 ipso
1305 2263 1413 2329 codice

298 2347 457 2428 descripti
478 2342 688 2431 Scriptorum
709 2355 730 2408 t.
745 2345 831 2426 XVI,
849 2367 887 2428 p.
911 2344 982 2408 733.
997 2346 1210 2430 prodierunt.

382 2429 447 2493 III.
490 2429 690 2514 Fragmenta
714 2428 1415 2514 Chronicirlqtlimiciposta.1260.
1530 2465 1534 2484 ι

302 2514 454 2581 Coloniae
478 2513 598 2597 procul
625 2512 897 2598 dulioaonfecti,
926 2515 1075 2598 quamvis
1101 2517 1201 2578 nimis
1222 2514 1344 2598 lacera,
1376 2535 1417 2580 en

299 2620 387 2662 noua
402 2597 541 2661 editione
556 2595 619 2662 SS.
634 2597 731 2680 XXV,
741 2621 780 2682 p.
795 2597 858 2662 369
873 2618 940 2697 sqq.
955 2599 1069 2678 sumsi,
1092 2597 1275 2683 quaefolia
1289 2598 1321 2663 A
1342 2607 1371 2661 et
1385 2599 1418 2662 B
1534 2666 1536 2677 ,

300 2683 338 2746 in
368 2681 501 2746 acclivo
523 2681 914 2767 Dusseldorfiense,
940 2681 1023 2747 Oia
1045 2683 1237 2747 bibliotheca
1257 2681 1417 2748 Beroli-

301 2767 423 2830 nensi
455 2775 625 2830 asservata
656 2789 755 2852 quam
788 2767 1034 2831 accuratissime
1060 2769 1222 2852 conpressit
1249 2789 1352 2851 neque
1377 2789 1419 2832 ea
1534 2762 1536 2771 '

300 2875 340 2915 ne
364 2849 444 2914 lenit
479 2873 562 2936 quae
588 2852 724 2935 priores
761 2851 899 2915 editores
933 2849 972 2918 G.
995 2850 1038 2915 H.
1057 2851 1149 2916 Pertz
1176 2852 1312 2934 (‘Ueler
1346 2853 1419 2916 eine
1535 2848 1538 2877 '

299 2875 499 3000 Rdeinisclte
523 2935 668 3001 Chronile
689 2937 746 3000 des
769 2934 1092 3016 13.1amnanaern’,
1115 2936 1215 3018 1855)
1238 2946 1268 2999 et
1287 2936 1418 3023 Deqclcs

302 3025 377 3106 (ap.
398 3018 588 3099 Lacomllet,
617 3019 752 3084 ‘Arellio
778 3019 845 3106 fiir
880 3020 934 3083 die
968 3017 1154 3086 Gesclielste
1190 3021 1246 3084 des
1278 3021 1343 3086 Nic
1368 3043 1417 3085 er·

301 3105 424 3167 rleins'
445 3104 491 3184 II,
516 3103 615 3186 1857)
644 3105 749 3190 leqere
776 3104 825 3168 oel
850 3105 1018 3168 restituere
1045 3108 1156 3170 conati
1180 3113 1267 3170 sunt.
1348 3105 1420 3169 ulta

301 3188 435 3252 iniuria
456 3196 635 3272 temporum
657 3209 725 3254 esse
747 3189 870 3254 amissa
884 3187 934 3252 nel
955 3189 993 3252 in
1005 3189 1106 3273 foliis
1119 3188 1188 3254 illis
1204 3189 1317 3270 deleto,
1340 3212 1421 3254 sane

302 3270 479 3336 dolendum
511 3281 565 3354 est,
601 3293 676 3338 curn
707 3283 823 3339 auctor
849 3276 1049 3358 praesertim
1080 3273 1119 3339 de
1149 3275 1245 3339 relus
1277 3273 1419 3338 urbanis

303 3355 473 3443 complura
496 3355 585 3421 alias
604 3359 776 3444 incoquita
795 3357 980 3423 tradiderit.

388 3441 443 3506 IV.
471 3439 606 3525 Dialo
616 3465 691 3528 qus
706 3445 791 3508 iuter
805 3441 927 3505 laicum
942 3450 972 3504 et
985 3441 1147 3522 clericum,
1164 3465 1195 3508 a.
1212 3439 1304 3505 1206.
1320 3443 1423 3526 scrip·

303 3535 366 3606 tus,
387 3534 423 3588 ut
438 3549 575 3590 causam
585 3526 759 3592 Bruaonis
774 3527 1017 3611 archiepiscopi
1031 3536 1145 3590 contra
1160 3524 1319 3610 Adolfum
1334 3526 1423 3590 electi

306 3610 504 3695 dq‘enderet,
538 3611 700 3676 nonnulla
732 3613 873 3676 continet
900 3611 995 3674 rebus
1023 3612 1093 3674 eius
1119 3612 1421 3696 temporiscoqno·

305 3695 435 3758 scandis
451 3704 480 3759 et
491 3694 721 3760 diiudicandis
732 3695 842 3762 utilia.
864 3695 983 3759 Edidit
993 3695 1222 3776 eumBo'ltmer,
1234 3694 1422 3776 FontesIII,

300 3801 339 3864 p.
361 3779 425 3842 400
447 3800 463 3841 s
486 3802 526 3864 q,
554 3801 595 3842 eu
621 3780 730 3844 codice
763 3779 839 3845 olim
869 3780 1063 3843 monasterii
1086 3777 1203 3863 Campi
1223 3778 1259 3844 S.
1280 3780 1422 3861 Mariae,

306 3886 396 3927 nune
418 3800 626 3927 bibliothecae
647 3866 760 3950 reqiae
774 3862 1072 3928 Berolinensis
1086 3863 1161 3927 Lat:
1175 3863 1232 3926 50¹³
1255 3865 1292 3927 in
1313 3863 1344 3944 8,
1366 3862 1425 3927 ubi

306 3950 393 4011 inter
406 3945 563 4030 epistolas
572 3948 758 4012 Innocentii
768 3948 833 4011 III.
849 3949 895 4012 ad
909 3945 995 4012 litem
1010 3946 1230 4012 Coloniensem
1245 3970 1260 4010 s
1286 3956 1425 4011 aetantes

297 4028 363 4118 fol.
386 4030 574 4098 1371-141.
601 4031 732 4119 leqitur.
775 4033 928 4097 Eundem
954 4033 1026 4116 ipse
1052 4034 1190 4112 eucussi,
1220 3970 1284 4096 sed
1298 4030 1425 4095 scribae

307 4138 434 4182 errores
456 4138 532 4180 mon
553 4115 624 4179 alia
645 4140 748 4181 manu
769 4126 927 4182 correctos
950 4115 1111 4180 adnotare
1132 4114 1233 4180 nolui.

400 4200 432 4266 V.
466 4201 520 4264 Ila
541 4200 686 4285 epistolis
703 4198 898 4266 Guiberti
914 4199 1152 4264 Gemllacensis
1175 4199 1220 4263 ad
1234 4198 1425 4282 Philippum

309 4288 593 4370 archiepiscopum
624 4285 844 4352 Coloniensem
874 4285 1035 4371 quaedam
1062 4285 1225 4368 euseripsi
1249 4305 1289 4347 ecc
1318 4283 1426 4346 codice

256 4411 260 4419 ·
308 4369 578 4437 Brunellensi
599 4393 651 4434 nr.
666 4368 760 4450 5387,
783 4371 927 4434 auctoris
949 4369 1129 4433 utoidetur
1144 4376 1285 4454 autoqra
1311 4367 1362 4447 lo,
1385 4367 1424 4431 de

309 4480 372 4545 quo
387 4454 621 4536 uBetlmann,
636 4454 757 4519 ‘Arclu’
772 4455 860 4535 VIII,
870 4477 908 4539 p.
920 4451 992 4516 495.
1015 4452 1111 4518 Alios
1126 4453 1213 4517 duas
1227 4389 1425 4517 coldintona
