3122 4978
204 331 392 384 CHRONIOA
404 330 518 382 auem
532 329 782 381 COLONIENSIS.
803 329 907 382 CONT.
917 331 956 382 11.
973 331 1006 384 A.
1018 330 1097 382 1212.
1110 330 1191 382 1213.
1239 331 1290 380 189

172 501 358 565 desinenter
377 500 554 562 amicorum
570 495 710 561 consiliis
725 518 763 560 ac
778 498 1061 564 ammonitionibus
1077 509 1291 586 appeteretur,

176 583 335 650 bellorum
371 583 465 646 minis
505 603 543 644 ac
586 580 762 645 terroribus
805 581 988 668 frequenter
1022 593 1293 670 pertemptaretur

174 669 329 753 omnique
355 688 472 752 genere
503 666 755 753 interpositionis
784 665 824 729 de
850 665 1106 732 reconciliatione
1136 669 1245 754 sepius
1272 688 1292 730 a

178 752 285 816 multis
314 760 472 835 ageretur,
506 751 576 836 ipse
604 749 827 826 nichilominus
856 765 961 817 mente
990 753 1159 836 obstinata,
1188 752 1292 816 fronte

175 837 357 917 obfirmata,
378 856 555 922 numquam
576 835 762 920 imperatori
784 832 880 898 fidem
902 859 936 900 se
957 836 1117 902 facturum
1137 845 1292 902 contesta-

178 922 282 987 batur.
367 918 491 983 Eodem
513 927 657 1004 tempore
684 918 770 982 circa
795 918 914 983 festum
938 921 1390 1006 sancteMargarete³·¹1“²·¹³·

177 1006 352 1091 imperator
372 1003 493 1068 ducens
514 1000 612 1066 filiam
638 1003 725 1087 regis
746 1001 889 1089 Philippi
909 1005 996 1090 apud
1017 1005 1193 1071 Northusin
1214 1026 1293 1090 nup-

175 1089 263 1154 tiast
287 1086 474 1169 celebravit3
498 1110 560 1173 que
577 1109 642 1151 non
657 1086 756 1151 multo
771 1097 845 1170 post
860 1089 1033 1153 miserabili
1047 1090 1112 1154 fato
1135 1091 1169 1152 in
1183 1099 1292 1155 trenos

177 1195 334 1238 converse
356 1181 444 1253 sunt3
466 1192 541 1234 nam
564 1170 690 1236 decima
698 1182 734 1214 Μ
756 1183 830 1256 post
856 1171 916 1236 hec
942 1174 1013 1259 ipsa
1040 1173 1092 1238 die
1113 1175 1201 1237 viam
1223 1176 1292 1238 uni-

178 1279 270 1321 verse
292 1256 398 1319 carnis
420 1257 574 1340 ingressa,
597 1256 758 1320 inmatura
779 1277 817 1318 ac
838 1257 975 1320 nimium
989 1258 1170 1322 miseranda
1190 1268 1292 1322 morte

174 1362 237 1404 ,sua
265 1361 331 1404 non
358 1339 461 1405 solum
488 1340 683 1426 imperatori,
712 1361 823 1403 verum
851 1342 938 1404 omni
964 1343 1122 1407 exercitui
1146 1341 1292 1406 intolera-

177 1424 274 1490 bilem
308 1423 450 1488 dolorem
485 1425 631 1488 incussit.
694 1423 875 1510 Imperator
911 1427 1088 1490 exercitum
1122 1425 1293 1491 absolvens

174 1508 302 1574 Thurin
327 1509 454 1595 'amque
475 1508 668 1595 relinquens,
695 1509 729 1570 in
755 1518 863 1594 partes
890 1510 1070 1595 superiores
1092 1532 1126 1574 se
1148 1509 1292 1592 contulit,

177 1595 225 1658 rei
239 1530 370 1679 pubhlce
385 1591 554 1657 consulens
569 1591 770 1657 utilitatibus.
844 1595 883 1656 In
896 1595 1142 1680 quadragesima
1154 1594 1293 1658 Sifridus
1365 1605 1369 1610 “

177 1677 387 1763 Magantinus
408 1676 667 1762 archiepiscopus
682 1698 702 1739 a
715 1676 846 1740 domino
860 1700 946 1763 papa
961 1677 1124 1764 delegatus
1140 1678 1293 1744 Ottonem

178 1763 406 1848 imperatorem
420 1759 548 1846 publice
562 1761 781 1847 pronuntiavit
792 1764 1115 1840 excommunicatum,
1128 1763 1294 1827 Thiricum

175 1847 275 1912 etiam
291 1843 514 1910 Coloniensem
530 1843 808 1930 archiepiscopum
829 1847 1132 1928 excommunicavit,
1154 1869 1192 1912 eo
1229 1847 1294 1911 uod

176 1931 302 2017 etipse
323 1930 548 2014 imperatorem
576 1927 754 1994 secundum
780 1929 968 1994 mandatum
990 1952 1076 2017 pape
1103 1954 1169 1995 non
1190 1869 1294 1995 sillum

178 2036 245 2079 non
273 2013 574 2095 excommunicavit,
605 2035 716 2078 verum
749 2014 783 2076 in
809 2012 958 2078 omnibus
986 2017 1016 2078 ei
1046 2016 1293 2098 communicare,

177 2096 351 2179 celebrare,
379 2098 496 2161 crisma
520 2118 707 2162 consecrare
732 2099 942 2184 presumpsit,
971 2097 1057 2163 bona
1075 2100 1173 2164 etiam
1194 2101 1294 2164 eccle-

177 2185 311 2262 siarum,
341 2203 478 2268 quarum
498 2191 637 2246 rectores
659 2203 732 2246 eum
759 2203 819 2268 pro
841 2185 1118 2256 excommunicato
1139 2183 1295 2266 vitabant,

180 2266 373 2354 depredatus
395 2276 452 2348 est,
481 2264 619 2353 quedam
640 2266 753 2330 amicis
775 2277 806 2330 et
828 2267 973 2351 cognatis
1003 2269 1068 2333 suis
1090 2266 1296 2353 depredanda

178 2349 386 2433 contradidit3
415 2371 474 2436 pro
496 2349 614 2436 quibus
636 2360 669 2415 et
689 2349 759 2414 aliis
780 2350 900 2433 multis,
930 2352 1046 2450 quibus
1075 2353 1242 2438 tyrannice
1263 2361 1296 2416 et

177 2435 351 2500 indiscrete
373 2432 492 2498 abusus
514 2443 572 2515 est,
595 2432 749 2520 dignitate
771 2435 944 2534 episcopali
965 2436 1111 2521 privatus
1133 2445 1190 2500 est.

263 2518 448 2584 Fridericus
458 2540 518 2582 rex
529 2519 647 2600 Sicilie,
660 2518 805 2583 Heinric1
816 2519 977 2605 quondam
988 2521 1190 2606 imperatoris
1201 2519 1295 2601 filius,

176 2624 201 2666 a
214 2603 344 2668 domino
358 2624 445 2688 papa
467 2614 498 2667 et
513 2601 705 2689 quibusdam
720 2604 824 2688 princi
848 2605 920 2668 ibus
934 2604 1071 2669 Romam
1086 2605 1295 2691 [invitat]us⁶,

178 2688 214 2751 in
235 2709 345 2772 regem
367 2695 501 2769 creatur,
522 2695 739 2774 perceptaque
762 2625 1003 2754 animatione
1026 2698 1057 2753 et
1072 2687 1295 2754 benedictione

177 2793 200 2836 a
224 2770 373 2853 ostolica,
400 2769 537 2851 Italiam,
565 2771 729 2854 Tusciam,
751 2771 968 2837 Lonbardiam
996 2775 1230 2859 pertransiens,
1260 2773 1295 2836 in

212 2854 321 2919 alliam
342 2854 482 2936 devenit,
509 2856 566 2920 ubi
587 2856 621 2918 in
642 2855 723 2919 festo
746 2857 848 2920 sancti
871 2856 999 2923 Andree
1020 2857 1108 2944 apud
1130 2857 1408 2922 Franken-uovao.

178 2949 269 3005 vort⁰
294 2941 385 3003 curia
405 2938 524 3020 habita,
547 2961 567 3002 a
580 2939 780 3024 principibus
797 2962 894 3026 quam
908 2940 1053 3026 plurimis
1074 2944 1109 3005 in
1123 2965 1158 3006 re
1182 2965 1232 3006 em
1247 2951 1297 3006 est

176 3023 376 3104 declaratum
410 3023 520 3110 sicque
549 3024 651 3109 magis
678 3043 716 3086 ac
741 3025 844 3108 magis
876 3025 911 3088 in
931 3047 1031 3111 regno
1059 3047 1141 3091 conv
1174 3047 1295 3107 escens,

179 3109 267 3174 etin
289 3109 410 3172 cunctis
436 3120 481 3171 se'
497 3105 648 3174 nobiliter
667 3128 775 3192 agens,
803 3107 946 3172 favorem
974 3131 1013 3174 ac
1042 3109 1296 3175 benevolentiam

177 3193 324 3256 omnium
346 3193 455 3255 innata
476 3191 539 3255 sibi
559 3188 749 3256 liberalitate
771 3191 932 3277 captabat.

264 3275 391 3340 Tiricus
406 3275 620 3341 Traiectensis
639 3276 813 3360 episcopus
832 3274 928 3357 obiit3
951 3277 1003 3340 cui
1018 3275 1105 3358 Otto,
1121 3277 1296 3342 Xantensis

178 3362 373 3446 prepositus,
394 3359 493 3424 frater
515 3360 639 3424 comitis
661 3359 700 3424 de
724 3358 831 3441 Gelre,
853 3361 1017 3424 successit.

417 3443 511 3508 Anno
534 3443 693 3508 dominice
714 3444 943 3508 incarnationis
967 3444 1059 3509 1913.

264 3526 447 3593 Friderieus
475 3550 536 3592 rex
562 3526 651 3614 apud
672 3525 829 3592 Reinsber
859 3538 882 3610 ³,
912 3528 989 3592 Otto
1016 3550 1092 3592 vero
1121 3529 1298 3614 imperator

178 3606 269 3698 apud
297 3612 446 3676 Bunnarn
473 3610 578 3677 natale
599 3611 734 3676 Domini
763 3551 946 3695 celebravit,
975 3611 1010 3676 in
1039 3613 1130 3677 cuius
1158 3611 1297 3676 confinio

179 3773 205 3827 a)
221 3775 394 3825 Hermoton.
439 3774 613 3826 macerarit.
659 3773 839 3826 anselmofl.
884 3774 1043 3829 viminariam
1052 3777 1138 3828 ,aarum
1153 3775 1297 3818 atamen.

179 3833 204 3885 e)
217 3835 392 3876 Francksnvort
407 3835 456 3875 As.
1078 3853 1080 3860 ,

183 3965 213 4032 1)
233 3968 286 4019 Die
313 3967 449 4020 dominica
475 3974 538 4018 ante
562 3967 660 4018 festum
687 3967 760 4018 beati
780 3968 875 4018 Iacobi
901 3968 968 4031 (lul.
991 3968 1049 4033 22),
1076 3967 1162 4035 Epist.
1187 3966 1297 4032 Ottoaia

180 4038 251 4092 Acta
268 4041 330 4106 imp.
339 4058 370 4107 p.
385 4041 447 4092 231.
523 4039 553 4107 2)
566 4039 630 4104 Atii,
648 4048 746 4105 quarto
762 4043 807 4092 oei
817 4049 917 4106 quarta
934 4042 1038 4094 decimo
1056 4040 1099 4094 die
1107 4050 1170 4108 port
1187 4041 1299 4108 nuptias

182 4113 332 4166 Beatriccm
354 4112 463 4178 obiisse,
495 4113 622 4176 trodemt,
655 4115 703 4166 scd
732 4113 759 4165 d.
786 4115 828 4166 11.
852 4114 968 4182 Anqusti
988 4117 1196 4182 praeferendum
1221 4116 1300 4167 duait

188 4187 370 4240 maronam
389 4187 431 4250 11,
446 4204 477 4254 p.
497 4184 559 4238 309.
634 4186 664 4254 3)
686 4187 763 4249 Quod
781 4204 841 4239 cum
863 4187 1052 4255 diprbrmctibas
1074 4207 1129 4241 aon
1148 4188 1297 4251 coneordat,

182 4277 252 4326 quoe
271 4260 439 4313 Fridericum
453 4277 539 4326 prope
555 4259 676 4312 Rhenum
695 4269 881 4312 commoratum
901 4279 955 4314 esre
974 4263 1129 4326 ostendunt,⁸
1147 4262 1194 4315 scd
1212 4279 1299 4314 meuse

184 4333 317 4386 Ianuario
338 4335 417 4388 1213.
438 4333 614 4402 Rotirpooam
630 4334 765 4400 profectus
784 4343 831 4386 cst.
