3122 4978
289 348 476 401 CHRONIOA
496 348 609 400 REGIA
629 349 881 402 cocornensis.
903 351 1006 403 CONT.
1025 351 1059 402 A.
1081 349 1159 403 1190.
1243 351 1294 401 151

581 523 749 576 Reocnaio
770 523 793 575 Ι.
813 532 838 576 ct
856 523 897 575 II.

177 617 318 673 castrum
347 609 380 672 in
409 629 472 708 quo
488 607 643 673 *soltanus
672 611 705 673 in
740 609 846 674 medio
879 610 1017 674 civitatis
1044 610 1210 676 tutabatur
1238 608 1294 674 ob·
1334 679 1339 686 ,

176 691 303 774 sideret,
326 701 438 759 staturt
459 692 631 780 proficisci.
674 694 856 778 Progressis
874 693 950 758 inde
964 693 1051 758 Leo¹
1074 693 1114 758 de
1134 694 1294 759 montanis
1329 757 1333 764 .

176 797 250 840 cum
270 775 463 841 victualibus
485 777 624 863 copiosis
646 778 796 860 occurrit,
817 799 882 842 non
904 777 1036 864 quidem
1057 781 1091 843 in
1112 777 1293 860 bonafide,

176 859 233 926 sed
264 869 300 924 ut
328 860 389 925 hoc
417 870 551 948 optentu
579 885 638 948 per
669 872 787 927 terram
820 883 911 926 suam
943 862 1074 926 minime
1106 863 1292 943 transirent3

175 944 353 1029 eademque
378 945 531 1012 victualia
559 969 579 1010 a
604 946 719 1010 Turcis
748 945 855 1012 ablata
887 956 977 1030 sunt,
1013 945 1098 1011 unde
1130 947 1293 1033 peregrini

174 1039 241 1094 tam
273 1028 357 1092 fame
389 1051 486 1116 quam
519 1030 631 1095 morbo
663 1029 845 1114 laborantes
880 1053 962 1116 pene
989 1030 1181 1095 defecerant.
1224 1030 1293 1094 Mo-

174 1121 285 1178 ventes
314 1122 422 1177 autem
449 1123 554 1179 castra
580 1137 654 1179 cum
687 1113 728 1178 ad
760 1116 864 1201 ripam
891 1114 1049 1179 fluminis⁹
1078 1114 1292 1198 devenissent,

173 1196 349 1283 imperator
379 1196 431 1262 die
463 1198 625 1263 dominica
653 1221 735 1284 pene
770 1209 883 1264 contra
915 1199 1058 1264 omnium
1085 1197 1353 1281 voluntatemne.
1366 1221 1402 1262 ro.

155 1302 249 1345 cum
271 1280 395 1346 diutino
421 1281 531 1348 labore
557 1293 727 1364 aestuaret,
759 1284 794 1347 in
819 1282 954 1347 fluvium
976 1282 1143 1348 descendit
1163 1284 1293 1369 refrige-

174 1364 267 1430 randi
299 1365 411 1452 gratia.
455 1365 523 1431 Nec
553 1388 652 1449 mora,
689 1368 818 1432 iubente
850 1390 888 1433 co
922 1368 978 1453 qui
1007 1367 1110 1432 aufert
1145 1368 1294 1453 spiritum

197 1449 376 1535 rincipum,
416 1451 511 1514 auis
546 1451 727 1538 prefocatus
760 1451 849 1516 obiit.
904 1451 1000 1533 Quod
1034 1469 1071 1516 co
1108 1453 1211 1537 magis
1244 1460 1292 1516 est

172 1471 321 1600 labiliter
341 1472 539 1616 mirandum,
572 1534 659 1622 quod
680 1533 766 1600 idem
789 1534 904 1599 fluvius
926 1558 992 1601 non
1012 1534 1188 1600 admodum
1209 1533 1293 1600 altus
1373 1597 1378 1606 .

172 1627 251 1702 erat,
272 1619 318 1684 ita
337 1629 374 1685 ut
388 1616 533 1718 plerique
555 1621 664 1684 testati
687 1628 768 1701 sunt,
786 1621 861 1706 qnia
875 1619 959 1684 vado
978 1619 1108 1684 transiri
1123 1620 1290 1706 potuisset.

67 1706 75 1718 '
174 1701 240 1768 Sed
254 1702 355 1786 Deus,
379 1724 471 1767 curus
494 1705 655 1788 potentiae
677 1725 771 1768 nemo
793 1705 940 1768 resistere
962 1713 1069 1790 potest
1089 1713 1121 1768 et
1143 1704 1290 1803 subtquo

172 1795 347 1851 curvantur
368 1788 424 1873 qui
445 1796 574 1872 portant
602 1786 723 1870 orbem,
750 1787 847 1852 fecit⁸
877 1790 959 1852 sicut
981 1789 1011 1852 ei
1039 1787 1172 1872 placuit:
1207 1798 1290 1853 1uste

195 1870 303 1935 uidem
325 1869 502 1935 secundum
524 1892 600 1938 suae
623 1871 843 1958 dispositionis
873 1871 1169 1937 incommutabilem
1191 1881 1223 1936 et
1244 1872 1291 1936 in-

171 1893 348 2021 detribilem
371 1955 577 2036 sentenciam,
601 1954 658 2021 scd
673 1978 738 2020 non
752 1955 1010 2038 misericorditer,
1034 1959 1061 2020 si
1075 1954 1141 2020 dici
1162 1956 1211 2021 fas
1234 1965 1292 2038 est,

172 2049 328 2140 quantum
355 2039 397 2104 ad
418 2039 593 2106 aecclesiae
619 2050 750 2104 sanctae
779 2051 898 2106 statum
928 2050 960 2106 ct
987 2050 1091 2105 terrae
1120 2042 1292 2126 repromis-

172 2126 271 2188 sronis
302 2125 484 2190 vastitatem
511 2123 678 2189 diutinam.
722 2125 762 2189 In
787 2123 849 2189 hoc
881 2134 989 2189 autem
1022 2125 1093 2188 loco
1130 2133 1161 2188 et
1188 2123 1293 2188 relatu

171 2208 254 2272 tristi
269 2206 359 2272 stilus
381 2218 490 2273 noster
511 2207 628 2290 deficit,
651 2218 683 2273 et
703 2231 807 2273 sermo
831 2218 939 2273 mutus
961 2218 1018 2290 est,
1040 2205 1203 2294 explicare
1225 2228 1292 2270 non

173 2291 357 2357 sufficiensb
379 2294 541 2378 peregrini
562 2294 722 2358 exercitus
738 2293 779 2356 'in
801 2314 926 2357 summo
941 2291 1084 2378 periculo
1100 2290 1293 2377 deprehensi

172 2376 410 2441 mestitudinem
440 2386 471 2441 et
498 2378 694 2463 angustiam3
735 2377 796 2442 hoc
828 2399 957 2476 quoque
984 2376 1196 2453 sentiendum,
1228 2397 1294 2440 non

172 2459 355 2608 lcqendum,
377 2460 496 2524 iudicio
511 2463 763 2548 uniuscuiusque
779 2460 998 2547 relinqulmus,
1021 2471 1057 2526 ut·
1071 2469 1193 2547 penset,
1204 2479 1293 2609 ,puae

173 2568 212 2610 ve
245 2545 324 2610 fuit⁰
354 2544 405 2609 vel
434 2545 531 2611 fuisse
553 2547 671 2632 poterit
692 2546 842 2611 confusae
865 2555 896 2611 et
917 2547 951 2610 in
972 2555 1057 2610 terra
1078 2543 1183 2609 aliena
1226 2565 1294 2610 eso·
1394 2605 1401 2616 ,

173 2629 256 2694 latae
283 2628 496 2694 multitudinis
523 2640 555 2696 ct
577 2632 680 2716 capite
703 2630 879 2695 diminutae
906 2651 984 2712 vox,
1014 2630 1159 2694 mesticia
1188 2638 1220 2694 et
1241 2625 1311 2697 de·

174 2713 323 2799 speratio.
368 2713 431 2778 Sed
454 2713 513 2778 hec
535 2725 677 2779 actenus

257 2797 384 2861 Mortuo
406 2799 505 2884 igitur
524 2800 727 2885 imperatore,
757 2799 918 2864 exercitus
940 2795 1042 2860 filium
1064 2799 1134 2862 eius
1155 2794 1296 2860 Frideri·

173 2903 248 2945 oum
278 2881 393 2946 ducem
424 2883 573 2965 sueviae,
590 2885 695 2947 virum
724 2884 824 2947 mirae
848 2883 1067 2946 strennuitatis
1097 2890 1129 2945 et
1156 2879 1295 2965 pruden-

172 2966 254 3048 tiae,
276 2965 338 3029 sibi
358 2966 510 3051 prefecit3
534 2989 598 3052 quo
622 2968 826 3052 ducensque
853 2965 1080 3031 Antiochiaml
1108 2986 1296 3050 processum

173 3059 232 3130 est,
268 3051 302 3113 in
329 3071 394 3136 qua
412 3071 479 3198 per
504 3052 523 3114 8
552 3049 748 3116 ebdomadas
770 3051 914 3132 recreati,
943 3072 1046 3136 usque
1071 3046 1239 3134 Tripolim,
1263 3059 1296 3114 et

174 3133 250 3199 inde
278 3155 382 3220 usque
439 3147 505 3217 urt,
536 3144 704 3220 grassante
733 3135 871 3199 interea‘
902 3143 1005 3199 morte
1035 3142 1102 3198 tam
1136 3132 1293 3197 nobilium

175 3220 297 3304 quami
344 3217 488 3299 obilium,
511 3239 585 3282 cum
607 3217 794 3283 difficultate
812 3226 979 3282 venerunt.
1022 3219 1074 3280 A&
1090 3217 1153 3279 Sur
1167 3238 1295 3301 proces·

174 3312 284 3366 serunt
326 3323 422 3383 cram,
445 3323 528 3388 quae
550 3313 582 3367 et
595 3303 763 3367 Accaronl
785 3300 846 3366 vel*
862 3301 1033 3371 ascalona,
1051 3299 1199 3386 Cumque
1221 3321 1297 3364 cum

174 3385 369 3451 Ascalonitis
392 3386 540 3451 triduano
563 3385 646 3452 bello
664 3386 891 3467 conflixissent,
914 3384 1079 3471 predictus
1102 3383 1169 3447 dux
1185 3381 1296 3447 Fride-

118 3496 119 3500 ’
173 3472 259 3534 ricus
286 3470 371 3534 diem
400 3468 513 3535 clausit
539 3480 719 3535 extremum
729 3481 752 3534 ⁴.
795 3470 925 3552 Quanta
945 3469 1041 3533 fuerit
1062 3469 1096 3532 in
1118 3467 1212 3531 huius
1235 3467 1296 3530 viri

174 3553 271 3619 corde
303 3557 389 3619 circa
417 3553 525 3618 Deum
557 3554 696 3637 dovotio,
726 3577 768 3620 cx
797 3553 859 3618 hoc
888 3565 1034 3618 constare
1061 3559 1167 3638 potest
1195 3552 1297 3615 omni·

174 3637 245 3721 bus,
261 3638 357 3738 quod,
373 3637 579 3704 decumbenti
591 3661 665 3703 cum
680 3660 699 3703 a
713 3638 855 3737 physicis
874 3647 958 3703 esset
979 3644 1175 3722 suggestum,
1198 3656 1295 3722 posse

174 3743 282 3786 curam
307 3744 390 3806 eum,
419 3723 447 3787 si
473 3723 570 3788 rebus
597 3723 762 3788 venereml
784 3724 831 3786 uti
853 3720 958 3804 vellet,
990 3718 1169 3806 respondit:
1202 3717 1297 3784 malle

174 3828 209 3871 se
238 3806 330 3881 mori,
364 3829 461 3894 quam
488 3809 522 3872 in
548 3807 805 3893 peregrinatione
827 3806 936 3870 divina
969 3827 1087 3891 corpus
1116 3826 1210 3867 suum
1238 3827 1305 3890 per

175 3966 200 4020 a)
215 3969 270 4008 deest
287 3971 328 4011 01.
382 3967 406 4020 b)
423 3968 563 4011 susttctens‘?
579 3970 627 4009 Bl.
675 3969 696 4020 c)
713 3970 782 4010 tuerit
798 3973 844 4020 013
861 3971 916 4021 quid
931 3971 1002 4011 fuerit
1018 3981 1028 4009 c
1043 3979 1100 4010 corr.
1119 3969 1160 4010 08.
1208 3965 1231 4017 d)
1249 3967 1295 4008 Au·

175 4029 291 4079 tyochlam
307 4028 352 4068 Bl.
414 4027 501 4080 e)Surs
517 4030 561 4070 08.
623 4027 712 4079 {linter
727 4030 786 4069 codd.
850 4029 873 4081 g)
882 4030 955 4070 Assur
967 4030 1026 4069 codd.
1088 4025 1294 4076 hlAcsaron015

174 4086 267 4128 Acaron
277 4088 319 4130 02.
381 4085 398 4139 t)
407 4088 444 4128 vel
459 4098 544 4128 erasum
561 4089 602 4129 02.
664 4087 687 4139 k)
705 4091 797 4130 veneris
814 4091 831 4131 0
837 4091 857 4140 2,
872 4101 930 4134 corr,
945 4089 1051 4128 venereis
1067 4087 1120 4136 313
1136 4086 1232 4126 venenis
1249 4087 1294 4127 01.

177 4200 205 4266 1)
223 4200 350 4268 Princeps
369 4200 563 4266 Armeniorum,
589 4203 622 4255 de
645 4203 721 4254 cuius
734 4203 791 4270 fide
812 4211 903 4255 auctor
928 4203 997 4254 male
1017 4199 1149 4253 iudicasse
1169 4199 1293 4260 videtur,-

174 4291 201 4326 υ.
221 4273 326 4326 Riezler
340 4292 371 4340 p.
391 4275 436 4328 68.
530 4279 559 4344 2)
580 4275 689 4342 sarept.
787 4279 815 4339 3)
835 4276 961 4328 Aocoaem
981 4283 1004 4327 et
1024 4275 1179 4326 Ascalonem
1199 4279 1292 4323 auctor

174 4347 325 4414 confundit.
401 4350 430 4415 4)
453 4351 531 4414 1191,
553 4349 613 4402 Icta.
634 4351 677 4401 20.
