3098 4982
308 313 361 364 282
400 309 587 394 CHRONIOd
603 310 715 362 REGIA
736 309 988 362 COLONIENSIS.
1010 309 1112 360 OONT.
1123 310 1156 360 V.
1175 308 1207 358 A.
1221 306 1404 358 1241.1242.

309 492 340 547 et
360 481 489 546 vacavit
510 478 602 544 sedes
625 478 802 564 apostoliea
830 499 933 563 usque
963 476 1041 576 [ina]
1064 475 1291 550 Nouembrem,
1321 475 1445 540 cardi-

307 563 435 629 nalibus
463 585 529 628 non
556 561 738 628 valentibus
769 561 975 643 concordare,
1011 559 1086 625 beet
1113 559 1228 625 inclusi
1258 569 1368 626 essent
1400 569 1445 626 et

307 652 403 798 1‹puasi
423 649 456 711 in
478 649 627 796 angustia
646 647 743 732 positi
765 646 920 712 carcerali
928 647 951 709 Ι).
995 644 1139 710 Tandem
1156 643 1322 744 elegerunt
1337 643 1443 710 Gau-

337 732 433 798 edum
460 753 514 795 car
536 729 664 813 inalem,
695 731 824 796 natione
847 728 1130 811 Mediolanensem,
1185 752 1220 792 ur
1247 728 1349 794 dictus
1382 737 1442 794 est

309 816 489 882 Celestinus
505 825 647 904 quartus,
664 825 695 880 et
709 814 792 879 sedit
814 814 928 880 diebus
949 814 1131 879 undeciml.
1204 822 1272 877 ost⁰
1293 813 1363 894 hec,
1390 834 1438 879 eo

310 913 465 983 mortu00,
486 903 616 966 vacavit
638 899 731 965 sedes
753 921 954 985 perannum
976 906 1008 962 et
1028 920 1154 964 menses
1175 907 1256 979 octo,
1284 897 1441 962 cardina·

309 985 394 1050 libus
415 985 467 1050 vel
496 985 754 1049 discordantibus
780 982 832 1049 vel
859 983 977 1068 eligere
1009 982 1222 1064 nolentibusl,
1255 984 1315 1046 nisi
1345 983 1438 1070 ipsis

307 1070 521 1135 redderentur
541 1070 605 1133 duo
629 1066 808 1133 cardinales
824 1067 901 1133 Otto
924 1079 956 1131 et
976 1068 1125 1140 Iacobus,
1148 1087 1229 1152 quos
1251 1067 1438 1152 imperator

310 1153 511 1239 alegatione
534 1153 703 1217 redeuntes
725 1153 812 1237 cepit
833 1160 865 1216 et
885 1153 987 1217 tenuit
1009 1153 1162 1251 captivos.

392 1238 518 1302 Eodem
540 1258 625 1300 anno
648 1235 847 1301 Coloniensis
869 1247 901 1301 et
912 1236 1169 1318 Moguntrnensis
1191 1234 1433 1321 archiepiscopi

309 1323 433 1387 animos
455 1332 566 1386 mutuo
587 1321 770 1385 firmantes²
798 1330 831 1385 et
851 1321 1066 1406 apertioribus
1090 1318 1264 1386 obstaculis
1287 1322 1435 1405 impera-

309 1407 390 1472 tori⁰
426 1427 464 1470 ac
500 1406 566 1469 suis
603 1403 781 1486 obviantes,
817 1404 997 1469 exercitum
1032 1412 1202 1468 moverunt
1236 1404 1270 1467 in
1304 1413 1432 1468 terram

309 1491 522 1576 imperiique
549 1489 667 1553 dicitur
687 1487 920 1555 Wederawef·³
943 1510 1034 1553 secus
1057 1489 1212 1574 Mogumss
1232 1487 1367 1552 fluvium
1398 1497 1436 1553 et

309 1573 357 1639 ibi
411 1573 542 1638 lurimas
577 1573 742 1660 opulentas
774 1571 866 1636 villas
901 1573 1113 1638 incenderunt
1148 1583 1180 1638 et
1212 1582 1434 1638 vastaverunt.

311 1597 458 1740 Quadam
488 1659 585 1722 etiam
606 1659 729 1722 famosa
759 1667 791 1722 et
811 1658 923 1742 gravia
951 1657 1085 1721 crimina
1114 1658 1300 1743 imperatori
1324 1657 1433 1742 impo-

310 1754 430 1824 nentes,
463 1742 739 1808 denunciaverunt
765 1743 871 1826 ipsum
898 1751 1030 1827 propter
1057 1740 1262 1805 huiusmodih
1295 1743 1434 1806 crimina

334 1827 439 1891 ublice
468 1827 790 1891 excommunicatum.
838 1825 933 1890 Hanc
963 1825 1121 1911 siquidem
1153 1846 1212 1911 pro
1241 1847 1275 1890 se
1301 1837 1433 1912 preten-

310 1851 429 1976 debant
457 1913 627 1992 rationem,
665 1908 871 1996 quibusdami
903 1910 1009 1974 minus
1042 1908 1280 1975 attendentibus
1313 1911 1431 1996 ipsam,

313 1995 411 2082 quod,
440 1995 515 2062 sede
537 1995 684 2060 Romana
704 2004 838 2059 vacante
866 2003 898 2058 et
920 1993 1074 2059 electione
1100 2015 1184 2080 pape
1211 2017 1271 2080 per
1291 1995 1432 2081 impera-

309 2090 412 2145 torem
433 2079 598 2165 impedita,
627 2080 696 2165 ipse
724 2088 875 2165 tanquam
897 2076 1007 2142 fideles
1029 2088 1061 2142 et
1087 2087 1232 2164 potentes
1254 2077 1312 2142 filii
1333 2079 1431 2144 matri

312 2187 378 2247 sue,
412 2164 547 2229 ecclesie
573 2164 738 2228 Romanek
767 2162 918 2243 desolate,
952 2170 1217 2247 compaterentur.
1266 2163 1361 2228 Unde
1395 2186 1430 2228 se

312 2249 490 2313 discrimini
512 2256 622 2313 contra
647 2248 873 2334 imperatorem
895 2248 1023 2312 merito¹
1046 2247 1429 2331 submitteredebebant,

310 2333 442 2397 iniurias
464 2331 598 2397 ecclesie
619 2330 853 2418 prosequendo.

688 2417 783 2478 Anno
802 2415 936 2479 Domini
959 2415 1050 2479 1242.
1160 2447 1165 2456 ·

394 2501 444 2564 Im
469 2499 581 2564 eriales
603 2500 638 2562 in
659 2499 780 2563 diocesi
803 2497 986 2563 Coloniensi
1008 2499 1188 2584 inpartem
1211 2521 1300 2563 suam
1323 2509 1429 2565 traxe-

310 2592 386 2648 runt
396 2522 602 2648 erbelmum
625 2584 775 2648 comitem
796 2581 1009 2646 Iuliacensem
1031 2606 1089 2668 per
1110 2585 1280 2670 pecuniam
1291 2595 1313 2649 ⁴.
1353 2587 1427 2665 Qui,

312 2676 508 2752 congregata
534 2667 656 2748 militia,
690 2667 847 2752 quasdam
873 2665 965 2731 villas
998 2669 1204 2754 episcopatus
1227 2667 1427 2734 Coloniensis

310 2752 459 2832 vastavit,
474 2751 657 2836 pertingens
669 2773 770 2836 usque
782 2751 930 2815 Bonnam
938 2764 968 2814 m,
991 2752 1086 2818 Unde
1100 2755 1208 2838 ipsum
1220 2752 1427 2818 redeuntemn

311 2833 574 2919 archiepiscopus
598 2833 807 2918 Coloniensis,
837 2845 969 2922 repente
997 2835 1130 2901 collecto
1156 2835 1287 2918 auxilio,
1316 2838 1427 2903 obvius

311 2921 441 3005 excepit
460 2921 552 2982 iuxta
573 2918 682 2984 villam
696 2920 916 2986 Merreche0·⁵.
961 2921 1099 2985 Etcum
1121 2930 1219 2986 attem
1245 2921 1342 2986 tando
1364 2921 1425 2986 der

310 3024 389 3089 pace
412 3001 530 3067 bellum
553 3003 799 3088 protraheretur,
829 3025 935 3069 comes
964 3027 1038 3068 cum
1060 3016 1151 3090 parte
1172 2942 1284 3069 militie
1306 3007 1340 3071 in
1362 3028 1427 3071 cre-

311 3086 446 3174 pusculo
467 3087 595 3152 territus
622 3097 654 3153 ct
682 3091 799 3154 tacitus
821 3089 899 3154 aufu
922 3090 956 3154 it.
1000 3088 1095 3169 Quod
1119 3089 1289 3154 sentientes
1311 3090 1426 3155 milites

311 3181 343 3236 et
372 3173 458 3237 cives
479 3172 655 3258 Aquenses,
684 3173 830 3239 similiter
857 3196 877 3238 a
934 3182 1059 3258 gerunt,
1089 3173 1208 3238 relictis
1235 3174 1425 3323 Ἑιίἰιιιιᾶιιιιι

311 3255 483 3342 peditibus,
506 3256 652 3321 curribus
674 3265 706 3322 et
728 3259 873 3339 sarcinis,
896 3280 959 3343 que
981 3259 1088 3322 omnia
1110 3267 1204 3344 capta
1225 3279 1244 3321 a
1284 3260 1426 3324 exercitu

310 3340 578 3428 archiepiscopali
601 3350 675 3406 sunt
706 3352 758 3407 et‘l
787 3342 922 3427 direpta.
965 3341 1149 3406 Modicumr
1178 3351 1306 3430 tempus
1333 3344 1424 3408 inter·

311 3539 333 3590 a)
347 3541 402 3582 deest
418 3540 466 3583 Dl.
540 3539 565 3592 b)
581 3543 694 3583 carcerati
710 3543 760 3582 ΠΙ.
836 3541 856 3593 c)
870 3544 905 3583 Ec
921 3546 998 3584 autem
1014 3542 1170 3584 mortuom.
1247 3541 1270 3594 d)
1287 3554 1335 3584 non
1349 3544 1424 3586 voleu-

311 3601 372 3640 tibus
387 3600 438 3642 Da.
492 3598 514 3651 s)
531 3603 679 3651 imperatoris
695 3602 747 3643 Dl.
799 3601 957 3654 owederiue
973 3603 1023 3643 Da.
1075 3602 1098 3655 g)
1115 3602 1209 3650 flegun.
1231 3602 1280 3646 Du.
1326 3599 1351 3653 h)
1367 3603 1424 3644 eius·

311 3659 440 3700 modlDss.
486 3657 503 3710 1)
521 3661 603 3709 quibus
620 3660 668 3702 Dl.
718 3660 881 3710 marcam.
933 3660 951 3713 1)
968 3661 1040 3701 subm.
1058 3661 1182 3702 meum.
1228 3659 1422 3712 m)BonrreD1.

311 3717 336 3769 n)
352 3719 482 3758 radiantem
498 3719 546 3759 Da.
587 3717 802 3771 0)MerecheD2,
847 3719 871 3772 p)
888 3719 943 3760 deut
958 3720 1007 3759 111.
1051 3718 1075 3771 q)
1092 3720 1181 3760 ath.
1220 3718 1359 3771 r)Medlum
1373 3721 1419 3763 121.

314 3876 341 3944 1)
351 3875 404 3928 Per
425 3877 457 3928 17
476 3877 578 3928 circiter
595 3877 653 3930 dies
673 3877 845 3930 Ooelestinum
864 3879 903 3942 (d.
914 3878 958 3930 25.
975 3877 1031 3930 Ort.
1050 3880 1168 3946 electum)
1188 3881 1316 3948 dipsitate
1328 3883 1424 3949 papuli

304 3951 431 4014 functum
450 3966 514 4016 erae,
533 3960 642 4002 coastat.
676 3951 702 4003 0.
759 3951 789 4016 2)
809 3951 838 4004 V.
857 3952 926 4018 dipl.
942 3951 1040 4017 uisatur·
1059 3953 1211 4020 archiepisc.
1225 3953 1375 4022 Mopuatini
1392 3957 1423 4008 de

311 4023 354 4074 die
374 4025 416 4076 10.
438 4041 472 4076 m.
492 4021 571 4089 Sept,
591 4023 741 4077 Lacomblet
760 4024 801 4089 ΙΙ,
816 4043 847 4090 p.
870 4027 930 4076 131.
951 4024 978 4078 0.
1054 4025 1083 4094 3)
1107 4027 1243 4080 Wetterau.
1318 4028 1348 4094 4)
1364 4029 1422 4082 lom

311 4113 381 4147 uano
397 4097 476 4160 1241,
497 4096 561 4149 Dec.
577 4099 600 4148 i.
619 4097 754 4163 Aquearar
773 4098 859 4150 comiti
878 4099 1074 4166 confoederatos
1087 4100 1184 4166 fuisse,
1204 4101 1278 4153 docet
1296 4101 1360 4168 dipl.
1379 4120 1420 4169 up.

310 4167 461 4222 Lacomblet
480 4171 521 4234 II,
541 4189 571 4238 p.
594 4172 655 4222 134.
683 4169 710 4224 Ο.
790 4171 819 4239 5)
840 4171 902 4223 Non
927 4172 1036 4225 Martem
1054 4174 1124 4226 inter
1142 4174 1276 4226 Iuliacum
1294 4184 1318 4227 et
1337 4175 1420 4229 Duro-

311 4251 453 4308 cortorum,
473 4245 525 4296 aad·
537 4245 611 4298 vicus
630 4245 708 4298 bodie
727 4247 869 4298 casanatae
884 4263 970 4314 prope
989 4247 1116 4314 oppidum
1134 4247 1230 4300 Bruul.
1252 4247 1279 4300 0.
