3126 4976
262 365 450 418 CHRONIOA
467 365 580 418 auem
599 367 851 422 COLONIENSIS.
874 369 977 422 ΟΟΝΤ.
996 370 1028 422 Α.
1050 370 1130 421 1188.
1205 372 1258 421 139

512 511 703 593 Ι1166616616
724 542 748 593 Ι.
767 549 796 595 et
815 542 861 594 II.

136 627 240 708 risset,
264 624 338 689 inde
361 647 464 712 usque
485 625 620 691 Laetare
642 625 838 692 Iherusalem
860 627 901 692 ad
917 631 1038 693 curiam
1049 629 1256 714 Mogontiae⁸

136 731 236 774 eausa
257 708 418 774 induciata
447 719 504 774 est.
549 710 645 775 Oiroa
666 711 752 776 idem
776 721 903 798 tempus
925 712 1009 778 filius
1032 714 1075 777 im
1102 715 1257 778 cratoris*

137 791 358 859 Confluentiae
381 803 574 859 conventum
595 817 749 880 magnum
771 794 893 879 habuit,
917 799 1021 863 citatis
1043 819 1063 861 a
1108 821 1142 862 se
1159 799 1256 862 comi-

136 878 224 943 tibus
240 885 271 942 et
285 876 446 943 nobilibus
459 877 711 978 lotharingiaeb
735 889 767 944 et
782 882 923 944 maxime
939 881 979 946 de
995 883 1184 968 episcopatu
1195 881 1256 948 Oo-

27 1021 33 1034 ,
137 961 284 1027 loniensi.
328 960 475 1048 Cumque
497 986 555 1049 per
578 975 706 1044 urreret,
722 965 777 1050 qui
799 985 873 1028 cum
890 988 929 1029 eo
945 975 1027 1032 stare
1042 966 1159 1031 vellent
1181 989 1255 1031 con-

136 1053 187 1110 tra
198 1045 359 1132 presulem
371 1056 403 1111 et
413 1056 528 1112 terram
572 1049 777 1130 oloniensem,
790 1058 822 1113 et
833 1050 861 1112 ei
873 1051 981 1114 cuncti
993 1051 1255 1131 contradicerent,

135 1129 237 1195 iratus
251 1131 394 1195 recessit·
477 1131 613 1196 Laetare
624 1131 821 1196 Iberusalem
837 1135 927 1198 curia
942 1133 1152 1199 celeberrima
1168 1134 1256 1220 apud
1266 1149 1333 1192 aare.
1351 1151 1386 1194 2⁷·

136 1214 396 1300 Mogontiacum⁰
409 1214 588 1280 celebratur
599 1238 619 1280 a
630 1218 732 1281 tocius
744 1216 954 1281 Theutonici‘l
966 1241 1000 1282 re
1024 1219 1057 1283 ni
1069 1220 1255 1318 capitaneis,

139 1307 207 1363 tam
229 1298 269 1363 de
291 1297 376 1363 clero
399 1321 496 1384 quam
519 1301 559 1364 de
582 1300 692 1364 ordine
713 1299 829 1382 laicali,
851 1242 1163 1385 presentelleinrreo
1186 1324 1255 1366 car-

138 1381 257 1466 dinale,
280 1404 398 1468 quaea
419 1384 621 1464 serenissimo
643 1385 834 1470 imperatore
846 1387 878 1420 *⁵¹*
900 1395 932 1451 et
952 1385 1017 1450 filio
1040 1388 1164 1452 eius***
1179 1408 1256 1472 rege

139 1468 227 1531 curia
248 1466 346 1530 Ihesu
367 1465 489 1532 Christi
510 1477 584 1533 ante
605 1468 665 1533 fuit
686 1468 854 1534 intitulata.
897 1469 950 1534 Ad
973 1471 1107 1535 eandem
1134 1473 1258 1534 curiam

138 1553 182 1615 im
208 1559 313 1615 erator
333 1553 545 1637 interrogavit
565 1555 600 1616 in
620 1554 752 1638 propria
772 1575 924 1638 persona:
947 1555 1024 1640 quid
1053 1556 1257 1640 potissimum

137 1573 327 1717 inclinarent,
350 1657 392 1700 an
414 1638 448 1698 in
469 1637 644 1702 continenti
674 1659 803 1701 crucem
827 1649 986 1703 sumeret⁰
1012 1661 1053 1703 an
1076 1638 1256 1704 differretf‘?

139 1719 215 1805 quia
236 1729 310 1804 post
330 1741 450 1783 annum
471 1721 573 1785 itrnus
595 1731 672 1786 erat.
725 1721 872 1807 Cumque
896 1744 1006 1787 omnes
1034 1722 1255 1806 acclamarent,

138 1825 180 1866 ne
195 1802 345 1887 differret,
362 1825 492 1868 crucem
507 1804 549 1869 ab
561 1805 813 1891 Herbipolensiss
830 1809 983 1892 episcopo
996 1805 1172 1871 (lodefrido
1188 1830 1256 1871 sus-

139 1889 227 1974 cepit
255 1910 329 1952 cum
363 1909 488 1952 summo
509 1890 651 1976 tripudio
675 1898 707 1953 et
727 1889 876 1953 laudibus
898 1911 937 1952 ac
956 1911 1013 1974 pre
1057 1891 1152 1955 audio
1178 1889 1256 1956 fletu

140 1982 337 2036 cunctorum.
371 1971 455 2036 Ante
470 1994 543 2036 eum
559 1973 727 2039 filiuseius
743 1973 809 2037 dux
826 1973 961 2038 Sueviae
972 1913 1157 2039 Fridericus
1172 1975 1255 2039 hanc

139 2067 334 2142 susceperat.
359 2056 412 2121 Ibi
425 2078 555 2143 quoque
572 2058 852 2144 arehiepiscopus's
873 2067 904 2122 et
920 2056 1127 2122 Colonienses
1145 2080 1255 2124 recon-

139 2139 289 2205 ciliantur
310 2141 507 2227 imperatori,
531 2141 644 2206 eodem
665 2151 774 2207 tamen
795 2141 922 2228 presule
944 2141 1061 2228 triplex
1076 2163 1255 2207 sacramen-

138 2233 209 2289 tum
231 2234 394 2311 prestante
416 2246 476 2311 pro
499 2226 644 2308 obiectis,
666 2225 729 2290 duo
752 2248 811 2312 pro
834 2223 960 2289 duabus
982 2226 1079 2290 curiis
1100 2248 1165 2290 non
1180 2247 1255 2313 que-

139 2310 208 2374 sitis
218 2321 240 2389 ¹,
262 2331 361 2372 unum
390 2331 450 2395 pro
478 2310 597 2391 Iudeis,
628 2331 708 2396 quos
737 2311 771 2374 in
799 2309 1024 2375 contumeliam
1052 2310 1256 2397 imperatoris

139 2392 321 2457 diffamatus
343 2404 411 2458 erat
432 2396 572 2480 pecunia
592 2393 753 2459 multasse.
807 2395 925 2458 Modus
943 2402 1049 2460 autem
1069 2392 1255 2460 reconcilia-

138 2479 239 2540 cionis
267 2477 321 2542 hic
343 2488 428 2542 erat:
462 2477 597 2543 Debent
628 2480 815 2565 imperatori
843 2478 908 2543 duo
940 2477 1029 2543 milia
1064 2499 1254 2562 marcarum,

137 2561 293 2626 ducentas
308 2569 340 2626 et
351 2563 393 2628 60
404 2563 438 2625 in
452 2563 585 2628 curiam.
621 2563 729 2627 Unam
746 2573 912 2649 portarum
924 2562 1092 2628 destruunt
1106 2562 1255 2628 adunam

136 2645 342 2728 testudinem,
363 2645 520 2710 fossatum
540 2645 755 2732 reimplebunt
776 2655 912 2733 quatuor
933 2646 1012 2711 loeis
1034 2647 1076 2712 ad
1106 2646 1255 2732 quadrin-

136 2738 251 2815 gentos
267 2729 375 2814 pedes.
408 2730 460 2795 De
483 2730 602 2816 quibus
623 2740 732 2795 tamen
748 2752 936 2795 conoessum
952 2740 1009 2814 est,
1025 2740 1070 2813 ut,
1086 2733 1112 2795 si
1128 2730 1254 2812 vellent,

136 2835 177 2878 ea
198 2813 250 2878 die
273 2813 480 2901 subsequenti
502 2816 535 2878 in
556 2815 697 2899 priorem
719 2824 836 2879 statum
858 2824 1053 2902 repararent.
1098 2815 1194 2897 Quod
1209 2818 1256 2880 sic

135 2897 258 2962 factum
281 2908 338 2963 est.
422 2900 605 2984 Episcopus
621 2899 835 2964 Traiectensis
851 2909 883 2964 et
897 2921 1004 2964 comes
1027 2899 1088 2964 (16ΙΙ
1105 2900 1202 2975 Gelre
1224 2911 1256 2966 et

136 2981 230 3047 multi
251 2981 315 3065 alii,
346 3004 425 3068 quos
448 2982 612 3047 discordes
635 2983 724 3047 antei
746 3005 840 3048 nemo
866 2984 899 3046 in
925 2984 1130 3049 concordiam
1151 2988 1257 3071 potuit

136 3066 300 3148 reducere,
327 3066 415 3132 nullo
440 3068 503 3130 nisi
525 3067 639 3166 spiritu
671 3067 733 3131 Dei
761 3067 932 3150 mediante,
965 3068 1084 3133 ibidem
1111 3072 1193 3134 inter
1221 3092 1256 3134 se

135 3149 392 3234 reconciliantur,
415 3162 447 3216 et
466 3150 597 3238 plurrmi
610 3153 672 3215 errl
690 3153 735 3216 eis
751 3172 878 3215 crucem
894 3150 949 3216 leti
964 3161 1103 3216 sumunt.
1186 3153 1256 3218 Mo-

136 3236 289 3320 gontinus
311 3237 448 3300 mittitur
474 3235 515 3300 ab
543 3236 737 3320 imperatore
759 3234 801 3298 ad
817 3235 986 3318 Ungarum
1014 3258 1074 3321 pro
1101 3233 1256 3320 Bulgaria

137 3319 342 3418 exequenda¹
372 3319 442 3383 adm
465 3329 580 3384 stratas
608 3329 639 3384 et
661 3340 718 3404 pro
739 3318 934 3384 victualibus
961 3319 1169 3405 providendis
1198 3342 1254 3383 ex-

137 3403 289 3469 ercitrbus
312 3405 518 3489 signatorum,
569 3403 635 3483 Qui
656 3402 831 3484 remandat,
863 3403 908 3468 ita
934 3403 974 3468 de
1003 3403 1051 3467 his
1080 3403 1253 3482 ordinasse,

137 3488 225 3574 quod
249 3489 309 3552 100
330 3510 487 3574 equorum
508 3487 626 3572 pabula
648 3509 757 3552 marca
776 3497 930 3570 emantur,
946 3485 1092 3552 similiter
1112 3489 1133 3552 4
1154 3487 1255 3553 boves

135 3580 314 3658 prestantes
337 3594 445 3637 marea
466 3593 541 3654 una,
563 3581 595 3636 et
615 3579 721 3636 cetera
742 3571 775 3633 in
796 3571 881 3634 hunc
904 3571 1044 3636 modum.

204 3715 388 3784 *)Heinrieus
408 3718 485 3770 addit
504 3716 555 3768 02.
612 3715 814 3782 **)Frederico
834 3715 911 3767 addit
931 3715 986 3767 02.
1053 3716 1254 3784 ***)Heinrico

141 3789 145 3796 “
240 3791 317 3841 addit
338 3789 388 3844 02.
463 3789 495 3858 †)
516 3791 683 3843 Coloniensis
702 3788 781 3841 addit
799 3789 858 3842 Ra.
884 3789 932 3842 Fr.

139 3933 163 3987 a)
184 3937 289 3985 Magone.
311 3939 353 3980 01.
442 3938 466 3991 b)
489 3939 569 3980 Lotar.
593 3937 634 3979 02,
718 3933 739 3987 6)
763 3936 937 3986 Mogontiacum
960 3937 1014 3988 Bl;
1045 3939 1189 3988 Mogentiana
1213 3941 1257 3980 02.

139 3993 335 4046 amorrheum,
356 3997 470 4039 Theotun.
488 3999 532 4039 02.
592 3994 614 4046 6)
631 3997 750 4036 sumerent
764 4007 821 4036 corr.
838 4001 940 4036 sumeret
955 3997 1003 4038 Bl.
1064 3997 1258 4051 l'JdeterretBl.

139 4055 188 4103 013
205 4055 308 4096 differret
322 4057 346 4095 ia
362 4057 408 4096 loro
423 4067 475 4096 raro
491 4057 536 4098 02.
603 4051 626 4105 ς)
643 4054 696 4096 Erb.
712 4054 761 4097 Bl.
779 4056 801 4096 0.
864 4053 1025 4107 11)(1666112.
1086 4054 1104 4108 1)
1117 4060 1187 4097 antea
1203 4057 1257 4106 1313

139 4107 180 4152 an't'
199 4115 243 4156 02.
332 4112 357 4166 k)
371 4116 403 4165 pl.
419 4116 435 4155 l.
452 4127 482 4157 ex
504 4115 538 4156 eis
561 4124 592 4156 cr.
609 4125 629 4154 6.
646 4114 692 4155 Β1.
782 4113 800 4165 1)
824 4116 962 4164 exequenda
978 4127 1035 4158 corr,
1052 4116 1190 4165 exequenda
1206 4116 1255 4157 131.

139 4170 172 4222 m)
189 4183 272 4214 aeorr.
289 4173 336 4217 Bl.

141 4303 170 4371 1)
187 4303 369 4428 digamam
385 4322 412 4357 a.
434 4305 513 4358 1187.
532 4305 629 4372 (oraora
642 4322 670 4372 p.
692 4305 757 4367 136)
774 4314 798 4358 et
819 4303 1036 4373 dtrarbarpana'5
1056 4323 1080 4358 v.
1095 4303 1258 4372 Salteffar-B,

134 4393 157 4443 p
241 4418 248 4432 .
