3098 4982
290 387 345 438 258
402 383 589 438 CHRONIGA
606 333 719 436 REGId
740 383 993 436 COLONIENSIS.
1014 381 1117 433 GONT.
1128 381 1176 432 IV.
1189 383 1221 433 Δ.
1234 380 1314 432 1226.

293 553 389 618 aliam
411 562 537 639 portam
563 553 797 638 irrumpentesa
825 560 1003 616 evaserunt.
1047 549 1195 630 Quorum
1216 545 1408 634 prodicione

292 659 352 702 rex
367 637 552 716 concitatus,
573 633 862 700 innumerabilem*
885 636 1054 734 pecuniam
1069 631 1225 718 expendit
1245 632 1279 694 in
1293 631 1410 695 instru-

293 721 410 786 mentis
432 717 632 784 mirabilibus
654 728 686 783 et
707 717 860 785 hactenus
882 740 955 784 mco
1003 719 1063 798 ns,
1088 718 1204 803 quibus
1226 715 1310 779 dicte
1333 715 1411 779 civi-

294 805 369 871 tatis
390 825 518 867 murum
540 814 572 868 et
593 803 705 867 domos
735 802 900 873 subvertit,
974 825 1092 888 umque
1113 809 1181 866 tota
1200 809 1286 866 terra
1306 821 1411 885 usque

294 888 337 953 ad
359 887 530 953 Tolosam⁰
558 897 642 952 esset
668 887 698 950 ei
719 885 856 952 fideliter
877 886 1058 972 subiugata,
1086 885 1120 950 in
1147 885 1330 950 reversione
1351 906 1411 948 rex

294 971 481 1060 pestilencia
503 969 612 1054 obiit¹,
642 982 674 1036 et
702 970 767 1036 duo
797 972 940 1058 eiscopi
968 981 1000 1036 et
1026 981 1091 1035 tres
1120 969 1253 1035 comites
1282 979 1315 1033 et
1341 977 1411 1032 tam

293 1055 417 1122 nobiles
451 1077 547 1141 quam
579 1053 735 1141 ignobiles
768 1056 800 1119 in
826 1057 893 1120 niti.
948 1055 1010 1121 cui
1042 1053 1187 1119 succedit
1214 1051 1299 1116 filius
1332 1073 1411 1116 suus

294 1140 508 1205 Ludewicus‘1
529 1139 634 1203 adhuc
655 1152 754 1226 puer⁰
775 1140 809 1203 in
830 1161 974 1226 regnum.

380 1223 504 1288 Eodem
525 1244 609 1287 anno
631 1224 805 1308 imperator
819 1223 1039 1288 Frethericusf
1058 1220 1267 1307 sollempnem
1289 1221 1411 1284 curiam

297 1307 476 1373 Cremoness
497 1307 612 1371 indicit
655 1328 690 1370 ro
720 1317 805 1372 statu
832 1307 960 1392 imperii
987 1305 1190 1370 reformando
1214 1315 1245 1369 et
1265 1305 1410 1388 negociis

296 1393 395 1456 Terre
425 1391 556 1473 Sanct03
599 1413 618 1454 a
672 1413 769 1476 quam
805 1413 878 1455 cum
912 1389 1003 1455 multi
1028 1391 1131 1476 princi
1156 1411 1190 1453 es
1219 1388 1413 1454 Tbeutonici

318 1497 353 1538 ro
379 1485 512 1556 orarent,
540 1497 701 1539 unacum
722 1473 787 1539 filio
815 1476 1016 1561 imperatoris
1038 1496 1113 1560 rege
1169 1474 1299 1538 enrico1¹
1321 1471 1411 1558 apud

294 1498 485 1623 il'ridentum
517 1581 576 1644 per
607 1560 627 1624 6
655 1557 850 1624 ebdomadas
883 1572 1136 1640 commorantur,
1172 1578 1237 1620 non
1269 1554 1411 1622 valentes

294 1643 446 1730 progredi
467 1653 599 1729 propter
619 1641 823 1708 rebellionem
841 1643 1082 1719 Veronensium‚
1105 1643 1161 1728 qui
1176 1641 1297 1706 clusasi
1310 1641 1410 1705 Vero-

295 1729 443 1792 nensium
478 1738 554 1791 tunc
591 1727 805 1813 optinuerimt.
864 1727 1003 1808 Quidam
1036 1737 1144 1790 autem
1175 1727 1337 1812 principes
1369 1723 1411 1788 de

297 1811 440 1876 Saxonis
461 1809 523 1875 alia
537 1812 590 1875 via
628 1811 837 1876 erAustriam
858 1821 934 1876 sunt
954 1813 996 1876 ad
1017 1813 1240 1897 imperatorem
1264 1809 1412 1894 ingressi.

295 1896 367 1960 Rex
388 1904 495 1959 autem
510 1833 706 1979 aTridento,
727 1918 792 1959 non
806 1897 875 1960 viso
896 1898 1098 1983 imperatore,
1122 1892 1413 1981 comprincipibus

296 1981 353 2043 inl
375 1979 601 2044 Alemanniam
623 1980 728 2044 inacte
749 1982 933 2063 revertitur3
961 1981 995 2043 in
1018 2001 1153 2066 quorum
1176 1978 1319 2042 discessu
1340 1978 1412 2040 Tri·

297 2063 428 2129 dentum
458 2063 570 2128 civitas
603 2062 723 2128 casuali
754 2065 902 2129 incendio
936 2073 1166 2128 concrematur.
1214 2064 1413 2148 Imperatore

296 2157 404 2212 autem
437 2149 457 2210 a
489 2147 662 2212 Cremonal
694 2170 795 2234 usque
827 2148 870 2212 ad
895 2149 1041 2247 Burgum
1063 2148 1174 2213 Sancti
1196 2146 1411 2210 Domnini¹⁰⁴

297 2231 486 2314 declinante,
516 2229 703 2296 Conradusn
733 2254 750 2296 e
774 2233 841 2296 isco
865 2255 902 2297 us
936 2231 1220 2312 Hrldensemensis‚
1251 2232 1306 2316 qui
1334 2241 1414 2296 tunc

297 2317 388 2380 verbi
411 2316 515 2380 crucis
543 2316 718 2381 ministerio
803 2255 948 2401 gebatur,
979 2316 1318 2380 excommunicationis
1341 2336 1413 2378 sen·

296 2400 454 2464 tenciam⁰
476 2401 510 2464 in
532 2399 763 2486 Longobardos
785 2402 970 2485 imperatori
992 2412 1107 2465 crucel’
1130 2401 1256 2485 signato
1278 2397 1413 2464 rebelles

296 2483 377 2566 tulit,
410 2484 624 2549 annuentibus
657 2493 689 2548 et
716 2483 970 2570 approbantibus
999 2485 1155 2550 universis
1185 2483 1411 2568 Longobardie

296 2567 437 2653 prelatis.
491 2567 556 2632 Sed
592 2568 726 2633 eandem
762 2569 951 2633 sententiam
987 2580 1100 2655 postea
1130 2589 1217 2654 papa
1248 2568 1411 2634 Honorius

296 2653 470 2734 revocavit,
493 2653 621 2716 mittens
642 2650 847 2716 Aletrinums
869 2651 1070 2740 capellanum
1092 2674 1200 2734 suum3
1224 2653 1315 2716 cuius
1337 2674 1412 2737 sug-

295 2735 440 2820 gestione
472 2735 688 2819 Mediolanum
720 2746 751 2800 et
782 2735 880 2801 multe
914 2739 1063 2801 civitates
1097 2735 1268 2822 complices
1301 2746 1413 2800 contra

295 2822 520 2904 imperatorem
537 2821 791 2898 coniuraverunt,
812 2821 965 2886 facientes
983 2820 1162 2907 collegium,
1184 2819 1270 2907 quod
1284 2819 1412 2907 Longo-

296 2903 469 2968 bardorum
492 2905 626 2968 societas
648 2925 706 2988 per
727 2903 828 2968 multa
849 2915 993 2991 tempora
1013 2915 1062 2970 est
1082 2913 1242 2970 vocatum.

379 2988 455 3074 Ipso
485 3010 569 3053 anno
590 2987 751 3053 Henrious
773 2987 973 3054 Coloniensis
995 2989 1114 3056 electus
1142 2990 1176 3052 in
1202 2987 1412 3073 archiepisco·

131 3115 135 3124 ·
184 3100 242 3151 sepe.
251 3101 286 3141 so.
297 3093 374 3159 pum
398 3093 417 3135 a
439 3071 629 3137 Trevcrensi
651 3071 758 3136 archie
782 3075 912 3159 iscopo³
934 3072 1067 3139 Colonie
1087 3074 1121 3136 in
1142 3071 1252 3158 vigilia
1273 3071 1411 3136 Matheir

296 3154 434 3241 apostoli
456 3177 529 3220 cum
559 3177 677 3241 magna
705 3177 740 3220 so
764 3159 938 3244 empnitate
965 3168 1180 3240 consecratur,
1209 3154 1413 3243 presentibus

298 3240 446 3306 omnibus
479 3241 687 3326 suffraganeis
717 3242 793 3323 suis,
826 3263 949 3306 necnon
982 3251 1014 3307 et
1041 3242 1161 3307 Iacobo
1190 3240 1352 3305 Aconensi
1379 3251 1412 3305 et

296 3324 513 3389 Herimanno³
535 3323 703 3390 Lealensi⁴
726 3348 743 3389 e
768 3327 897 3426 iscopis.

380 3409 462 3474 Item
484 3408 597 3474 eodem
618 3430 701 3474 anno
747 3409 902 3474 ridencus
924 3430 1041 3492 comes,
1069 3409 1160 3495 impii
1181 3413 1289 3474 autor¹
1310 3408 1411 3472 bomi-

297 3492 382 3574 cidii‚
409 3515 468 3579 per
490 3503 591 3557 totum
612 3514 732 3557 annum
761 3493 916 3579 profugus
949 3504 981 3559 et
1007 3493 1194 3575 occultatus,
1222 3515 1241 3556 a
1271 3492 1410 3580 quodam

297 3575 396 3640 milite
428 3579 555 3641 nomine
583 3575 767 3642 Balschunu
800 3579 933 3664 capitur,
970 3589 1002 3644 et
1031 3600 1089 3666 pro
1123 3576 1247 3643 duobus
1280 3576 1411 3641 milibus

297 3792 319 3845 a)
336 3795 467 3844 irrupentes
483 3798 543 3837 codd.
619 3792 643 3846 b)
660 3795 853 3838 innumerabilem
872 3819 897 3826 -
915 3797 1014 3836 civitatis
1036 3797 1081 3836 alic
1104 3807 1171 3836 manu
1194 3798 1218 3836 ia
1233 3798 1278 3837 loco
1294 3809 1346 3837 raso
1362 3797 1411 3840 Bl.

297 3851 317 3902 c)
333 3853 458 3894 Tholosam
475 3854 517 3896 01.
526 3856 547 3896 2.
603 3851 626 3906 d)
640 3853 777 3896 Ludewtcns
792 3856 838 3895 alia
853 3866 920 3896 mana
935 3857 959 3896 ia
973 3857 1019 3896 loco
1034 3867 1086 3896 roro
1103 3857 1151 3899 Bl.
1203 3853 1226 3907 a)
1242 3859 1266 3897 ia
1286 3852 1412 3906 novosolr‘o

297 3913 342 3952 alic
358 3914 508 3963 manopera
524 3915 571 3954 131.
632 3913 798 3964 f)Frider1ous
816 3915 857 3957 01.
868 3917 888 3956 2.
950 3912 973 3966 g)
991 3916 1112 3956 Cremonis
1129 3917 1203 3957 01.2.
1262 3915 1287 3968 h)
1302 3917 1334 3956 ita
1349 3917 1409 3955 codd.

297 3970 315 4024 1)
338 3971 429 4011 clausas
451 3971 492 4013 c'l.
589 3969 614 4024 k)
638 3976 660 4012 et
683 3973 726 4015 02.
815 3972 832 4026 l)
856 3974 980 4016 Cremonis
1005 3975 1076 4016 dm.
1166 3973 1198 4027 m)
1225 3975 1345 4015 Dominini
1369 3975 1413 4016 01.

297 4027 321 4080 n)
338 4029 408 4071 Onnr.
422 4030 462 4070 01.
473 4032 493 4071 2.
562 4029 583 4083 o)
600 4033 725 4072 setenciam
742 4033 790 4074 Bl.
857 4032 881 4085 p)
896 4036 959 4074 cruet
974 4034 1022 4076 Bl.
1099 4031 1123 4085 q)
1139 4033 1269 4074 Alatrtdum
1285 4034 1331 4083 013
1353 4045 1410 4076 corr.

297 4087 429 4128 Alatrinum
454 4089 497 4131 02.
566 4089 585 4143 r)
602 4091 690 4132 Mathia
705 4103 762 4134 corr.
779 4092 866 4132 Mathei
882 4093 924 4134 01.
990 4092 1010 4144 s)
1025 4093 1160 4134 Hermanno
1177 4093 1220 4134 01.
1281 4091 1298 4145 t)
1314 4094 1346 4133 ita
1362 4093 1411 4134 Bl.

297 4145 321 4200 u)
336 4147 454 4189 Balschim
471 4149 513 4192 01.

299 4315 327 4381 1)
348 4317 417 4369 Noo.
438 4317 463 4369 8.
540 4315 568 4385 2)
588 4317 676 4384 Borpo
696 4319 725 4370 S.
739 4318 857 4384 Doaino,
877 4321 946 4372 inter
958 4319 1085 4372 Paeanem
1104 4328 1128 4372 et
1140 4319 1304 4372 Placentiam
1322 4319 1413 4373 siena.

297 4388 327 4455 3)
352 4389 518 4444 Theoderico.
594 4389 623 4459 4)
637 4391 706 4444 Leal
724 4391 852 4460 oppidum
864 4393 1018 4458 Eriboaiaa
1039 4394 1076 4446 ad
1089 4410 1163 4446 mare
1176 4393 1310 4446 Bellicam
1323 4391 1413 4447 situm.
