3126 4976
325 419 515 474 CHRONIOA
535 423 649 474 REGIA
669 422 912 476 COLONIENSIS
932 425 964 474 A.
988 422 1068 474 1158.
1218 423 1254 476 97

492 593 657 648 Recenaio
683 595 708 646 I.
735 558 830 647 codol.
855 595 888 649 A.

131 686 281 738 mebant.
331 686 512 737 Anchonitaui
536 701 601 738 vero
625 686 738 738 Greco
764 686 863 738 fidem
890 696 1091 752 servantes,
1122 687 1163 739 ad
1197 697 1376 748 susannem.

132 762 218 811 exire
238 759 388 811 noluerunt.
427 761 486 822 Qua
512 757 545 810 de
573 775 655 810 causa
674 759 821 811 Reinoldus
843 762 1020 814 cancellarius
1041 768 1068 814 ct
1087 764 1152 813 Otto
1175 760 1251 828 pola·

131 835 213 897 finus,
233 833 355 884 collectis
374 832 493 899 undique
514 839 568 884 tam
589 832 702 883 militum
717 849 797 900 quarn
810 835 932 901 peditum
946 838 1040 904 copiis,
1055 841 1143 887 castra
1157 836 1252 886 metati

131 912 195 959 sunt
219 907 293 957 iuxta
318 922 400 969 mare,
425 906 547 958 volentes
570 908 707 956 civitatem
738 907 841 958 assultu
867 914 959 975 petere
979 916 1007 963 et
1026 908 1156 977 quicquid
1176 913 1250 960 extra

132 995 222 1032 muros
242 985 298 1031 erat
318 979 468 1031 devastare.
516 980 596 1031 Cives
621 996 684 1030 vero
710 981 831 1032 videntes
857 982 1005 1048 periculum
1025 984 1077 1034 sibi
1101 983 1251 1044 imminere,

133 1059 295 1119 rogaverunt
315 1053 439 1117 Grecum,
466 1058 495 1104 ut
515 1055 553 1104 eis
578 1059 731 1104 occurreret
751 1060 777 1105 et
798 1056 864 1106 irem
885 1061 994 1107 eoruma
1014 1057 1158 1122 mitigaret.
1188 1055 1252 1118 Qui,

132 1127 214 1178 misso
234 1127 269 1177 ad
290 1142 336 1178 eos
356 1142 409 1177 uno
430 1127 527 1178 comite
547 1126 635 1190 Alexi,
654 1129 747 1193 peciit,
766 1133 795 1178 ut
815 1136 841 1178 et
862 1130 965 1180 civitati
983 1129 1085 1181 vellent
1104 1145 1151 1195 pro
1166 1129 1250 1194 ipsius

131 1213 223 1250 amoro
253 1206 280 1250 et
307 1200 437 1266 obsequio
467 1215 579 1267 parcere
606 1206 632 1251 et
659 1202 746 1268 ipsum
775 1200 878 1266 alloqui
901 1210 928 1252 et
952 1203 1054 1254 videre.
1100 1202 1194 1265 Quod
1219 1207 1252 1252 et

130 1272 339 1324 factumest.
378 1274 468 1334 Exivit
485 1271 558 1324 'enim
578 1272 613 1323 ad
634 1289 679 1325 eos
699 1273 787 1324 idem
808 1275 936 1326 Grecus
962 1293 1021 1327 cum
1048 1278 1170 1327 omnibus
1196 1275 1251 1326 sol·

131 1347 215 1398 dariis
234 1349 289 1397 suis
308 1362 392 1413 prope
412 1352 500 1397 castra
523 1363 622 1410 eorum,
642 1348 733 1413 stipsi
751 1347 1005 1401 nichilominus
1025 1365 1086 1400 cnm
1102 1342 1249 1416 timpanisb

131 1426 159 1471 ct
178 1420 284 1470 vexillis
305 1425 332 1470 et
350 1420 426 1486 equis
445 1419 565 1472 faleratis
585 1437 645 1471 eum
665 1427 853 1488 susceperunt,
888 1423 985 1472 Haec
1005 1429 1116 1474 nutem
1137 1422 1251 1473 omnia

130 1494 207 1559 egit
225 1492 414 1544 Reinoldus
433 1509 494 1560 pro
514 1493 629 1561 gloria
654 1495 885 1562 imperatoris.
929 1496 1008 1546 (lum
1034 1511 1117 1563 ergo
1136 1496 1191 1547 sic
1216 1495 1251 1546 in

128 1581 231 1618 unum
247 1568 511 1632 convenissent,
532 1567 709 1619 cancellarius
721 1573 747 1618 et
756 1567 891 1634 palatinus
903 1575 1031 1636 ceperunt
1044 1569 1131 1622 Greco
1141 1568 1250 1620 obicere

129 1656 202 1706 quae
222 1639 256 1691 de
277 1656 308 1691 eo
329 1642 368 1692 sis
386 1640 492 1692 fuerant
511 1643 684 1691 nunciata.
723 1641 765 1692 De
786 1643 882 1708 quibus
902 1644 1024 1694 omnibus
1043 1644 1145 1710 ipsese
1165 1643 1249 1692 mani·

128 1713 198 1764 feste
219 1719 246 1764 et
266 1719 448 1780 competenter
459 1715 604 1778 excusavit,
625 1730 755 1778 asserens,
776 1731 805 1766 se
824 1717 937 1782 ipsum
957 1720 1086 1768 ettotam
1106 1717 1250 1782 pecuniam

130 1786 232 1838 domini
252 1788 293 1838 sui
312 1788 408 1852 regis
428 1787 607 1839 Grecorum
634 1788 668 1837 ad
694 1787 893 1855 beneplacitum
913 1789 1064 1840 Romani
1091 1790 1249 1857 impera·

127 1861 219 1912 toris
240 1862 429 1927 expositurum.
467 1861 517 1912 His
537 1862 575 1912 ita
592 1862 754 1928 compositis,
769 1861 802 1910 ab
817 1862 989 1928 expeditione
1006 1867 1034 1914 ct
1047 1863 1127 1912 armis
1142 1877 1250 1913 manum

128 1934 328 1997 continuerunt,
347 1939 482 2001 accepto⁰
501 1941 591 1985 tamen
612 1933 645 1983 ab
664 1934 860 1986 Anchonitanis
880 1934 944 1986 fidei
956 1937 1114 1987 iuramento.
1153 1935 1249 1986 Archi-

127 2009 272 2074 episcopns
299 2023 362 2059 vero
393 2008 586 2060 Ravennae
615 2008 664 2058 ibi
697 2009 822 2072 existens,
847 2024 895 2075 pro
920 2008 1080 2060 liberatione
1112 2009 1253 2062 hominum

126 2075 258 2132 asnorumd
277 2079 411 2145 laborans,
431 2082 555 2148 precibus
572 2081 623 2132 hoc
640 2081 763 2144 obtinuit,
783 2081 855 2148 qnod
875 2083 997 2150 captivos
1017 2097 1077 2132 cum
1091 2083 1249 2147 integritate

127 2170 217 2204 rernm
236 2170 343 2205 suarum
367 2154 533 2214 dimiserunt,
560 2155 611 2205 hac
638 2154 801 2216 conditione,
828 2156 899 2221 quod
923 2159 981 2206 tota
1007 2156 1102 2205 civitas
1130 2154 1249 2206 debitam

128 2228 336 2293 imperatori
355 2229 454 2279 iuravit
473 2227 640 2291 fidelitatem,
666 2229 809 2278 transactis
828 2225 933 2278 scilicet
953 2227 1006 2277 200
1032 2229 1118 2291 annis,
1139 2243 1171 2277 ex
1195 2243 1248 2295 quo

126 2307 258 2357 Ravenna
279 2307 346 2357 nulli
366 2309 557 2372 imperatorum
578 2307 734 2358 fidelitatem
756 2307 827 2358 iecit.
848 2293 957 2359 'Haec
972 2295 1080 2380 itaque
1097 2305 1247 2380 Operatus

127 2385 197 2442 este
213 2378 396 2460 Reinoldus,
420 2401 495 2443 cum
509 2377 615 2443 adhuc
631 2389 715 2443 essct
728 2379 930 2464 imperatoris
945 2377 1164 2445 cancellarius.

195 2461 299 2548 Igitur
309 2463 352 2526 im
379 2473 492 2542 erator,
505 2464 648 2526 maximo
662 2462 806 2528 exercitu
814 2462 1085 2528 Theutonicorum
1097 2460 1248 2546 adunato,

122 2547 268 2612 animose
289 2556 320 2611 et
341 2485 478 2631 gioriose
501 2545 730 2611 Lombardiam
751 2545 940 2630 ingreditur,
962 2546 1070 2611 multis
1085 2545 1147 2610 sibi
1162 2567 1248 2612 aeso-

123 2631 216 2696 ciatis
249 2631 376 2716 imperii
403 2630 619 2717 principibus,
655 2633 738 2696 inter
776 2652 856 2718 quos
889 2631 1036 2717 precipui
1068 2640 1158 2696 erunt
1190 2653 1249 2696 rex

123 2714 288 2796 Boemiae,
320 2713 505 2779 Fridericus
537 2715 736 2780 Coloniensis
768 2715 1040 2864 archiepiscppus,
1073 2713 1247 2780 Heinricus

121 2798 193 2862 dux
216 2797 377 2863 Senoniae
388 2811 408 2881 ¹,
431 2798 616 2864 Friderious
631 2799 699 2864 dux
713 2797 933 2882 Alamanniae,
986 2797 1159 2864 ertholfusf
1178 2799 1247 2863 dux

123 2881 268 2947 Aisatiae
278 2895 299 2964 ²,
322 2883 492 2948 Heinricus
520 2884 587 2948 dux
608 2883 786 2963 Karintiae,
820 2883 1014 2948 Ludowicus
1036 2881 1246 2969 lantgravius,

124 2965 317 3030 Ouonradus
346 2965 506 3052 palatinus
533 2967 648 3048 Rheni,
681 2978 713 3033 et
740 2965 794 3032 alii
823 2989 920 3054 quam
948 2965 1055 3052 plures
1082 2967 1247 3033 Romanae

121 3051 251 3114 virtutis
281 3071 440 3137 proceres.
485 3052 694 3117 Transcensis
721 3053 766 3116 ita
789 3073 828 3115 ue
856 3049 1004 3138 Alpibus,
1037 3059 1168 3115 ventum
1198 3059 1247 3116 est

122 3135 166 3200 ad
187 3133 321 3199 fluvium
344 3137 399 3220 qui
413 3135 510 3199 Adua
531 3146 744 3220 nuncupatur.
807 3134 1025 3200 ediolanenses
1038 3157 1115 3200 vero
1131 3143 1246 3221 pontes

124 3238 235 3284 omnes
258 3217 403 3284 eiusdem
425 3221 572 3284 torrentis
594 3218 826 3301 destruxerant,
849 3229 885 3284 ut
903 3219 1089 3305 imperatori
1112 3219 1246 3305 impedi·

446 3361 616 3416 Recensio
643 3363 686 3414 ΙΙ.
713 3363 811 3415 codd.
835 3364 869 3416 B.
897 3362 924 3414 0.

197 3438 284 3504 Igitur
303 3439 446 3504 imperator
466 3438 590 3490 eodem
610 3443 730 3500 annot,
759 3443 913 3505 propter
931 3435 1246 3488 insolentiamMe-

123 3509 385 3562 diolanensium
405 3511 526 3563 valido
553 3514 672 3562 exercitu
696 3511 822 3574 adunato,
843 3509 1061 3577 Longobardiam
1086 3509 1245 3574 ingreditur,

124 3583 214 3635 multis
239 3600 267 3636 se
294 3586 547 3636 comitantibus
572 3587 648 3650 regni
673 3585 848 3651 principibus,
879 3599 989 3651 quorun
1016 3583 1137 3650 precipui
1169 3587 1246 3632 erant

122 3651 190 3706 rexh
202 3658 322 3720 Boemie,
342 3657 485 3710 Heinricus
506 3658 559 3708 dux
571 3659 713 3720 saxoniae,
734 3657 887 3709 Fridericus
909 3658 961 3708 dux
971 3656 1158 3718 Alamanniae,
1178 3657 1243 3706 Ber-

121 3727 218 3782 tolt'usi
238 3731 292 3781 dux
309 3731 514 3794 Kariuthie,
535 3728 679 3782 Heinricns
697 3731 750 3782 dux
768 3731 949 3793 Alsaciae,
970 3721 1154 3780 Lidewieusk
1172 3729 1243 3780 lant·

121 3805 239 3868 gravius,
251 3803 391 3856 Orrnradus
406 3820 495 3856 comes
505 3805 649 3870 palatinus,
661 3803 813 3856 thidericus
831 3804 999 3856 Coloniensis
1014 3803 1244 3872 archiepiscopus.

120 3877 298 3928 Transcensis
316 3879 408 3944 itaque
419 3878 541 3944 Alpibus,
562 3894 633 3929 cum
652 3885 761 3928 ventum
780 3878 912 3930 fuisset
931 3877 966 3927 ad
980 3877 1089 3927 fluvium
1103 3878 1149 3943 qui
1165 3877 1245 3928 Adue

122 3956 299 4017 nuncupatur,
322 3953 636 4016 etoumsinegravi
655 3951 813 4018 periculo
834 3967 932 4003 nemo
952 3945 1122 4000 transirel
1141 3955 1244 4016 potu-

122 4023 226 4087 isset,
247 4040 283 4075 eo
297 4025 386 4090 quod
397 4024 612 4076 Mediolanenses
626 4041 718 4076 omnes
732 4032 827 4092 pontes
841 4027 897 4076 eius
912 4024 1122 4084 diruissent,
1137 4024 1245 4074 Boemii

122 4129 146 4182 a)
164 4133 198 4172 eis
214 4131 263 4173 Aa
310 4131 333 4184 b)
351 4134 483 4184 tymphanis
499 4134 548 4176 Aa.
595 4133 616 4186 c)
633 4139 724 4185 recepto
741 4134 791 4174 At.
842 4132 866 4185 d)
883 4135 965 4185 suique
981 4132 1033 4174 Aa.
1083 4130 1105 4185 e>
1122 4133 1178 4173 deest
1194 4131 1244 4173 Ar.

122 4189 140 4240 l)
163 4192 311 4232 Berchtolius
333 4191 381 4232 Ar.
421 4207 450 4229 =
487 4192 511 4244 g)
536 4194 616 4235 eodem
640 4205 702 4234 anno
732 4194 807 4243 paullo
829 4193 892 4236 tnr'rc
911 4198 963 4242 post
987 4193 1089 4232 adunato
1111 4191 1244 4240 pontica.

123 4247 374 4300 biduxecorr.B1.
436 4250 454 4302 l)
471 4253 605 4294 Bertholius
627 4253 671 4295 02.
730 4251 755 4304 k)
772 4252 866 4294 Ludow.
883 4251 927 4295 01.
988 4250 1005 4302 l)
1022 4251 1134 4293 transsire
1151 4251 1197 4290 Bt.

126 4345 154 4409 l)
175 4344 228 4407 Qui
252 4344 313 4398 taio
337 4347 499 4413 expeditioni
524 4347 599 4400 baud
622 4347 750 4415 interfuit,
781 4347 828 4400 sed
847 4346 903 4398 dun
923 4345 1066 4400 Helorinus
1086 4345 1242 4407 Bacurius,·

123 4433 148 4467 o.
168 4417 307 4472 Lehmann
327 4437 358 4486 p.
379 4421 423 4474 36.
462 4421 491 4490 2)
511 4422 543 4474 de
562 4421 705 4490 Zarinqcn.

995 4505 1012 4568 7
