3098 4982
398 392 584 446 DIALOGUS
605 391 820 444 casulatus
839 390 951 442 LAICI.
1178 389 1231 461 ata

111 584 264 628 exaesam
291 559 432 625 fautores
460 568 492 624 et
520 568 743 645 cooperatores
771 558 876 640 eratis,
903 557 976 624 ideo
998 557 1170 622 convocari
1190 557 1233 622 ad

111 647 301 712 electionem
323 666 387 708 non
409 644 575 710 debuistis.
625 642 776 708 Preterea
803 643 829 707 si
855 640 992 707 vocandi
1021 642 1142 724 essetis,
1171 641 1233 707 hoc

111 753 171 831 per
191 731 326 796 nuncios
348 728 419 793 fieri
434 735 626 815 oporteret&
658 727 723 808 Qui
737 736 845 791 autem
859 725 953 792 vobis
967 725 1028 791 hoc
1044 727 1233 808 nuntiasset,

110 814 165 881 ille
187 837 282 880 suum
304 836 324 878 a
343 812 437 879 vobis
463 822 657 877 tormentum
685 812 861 876 certissime
890 833 949 875 exs
974 821 1118 876 ectasset.
1168 810 1233 878 Sed

113 901 185 987 quis
205 899 342 964 libenter
362 896 431 961 vult
452 895 556 960 mori?
578 895 702 959 Tamen
724 894 836 961 electio
860 918 921 982 que
943 833 1029 960 dcta
1044 905 1093 960 est
1106 917 1172 959 non
1185 906 1235 961 est

111 1004 346 1070 usquequaque
374 982 443 1045 sine
467 977 630 1045 nobilibus
658 988 742 1045 terre
767 977 937 1045 celebrata.
1000 980 1122 1045 Aderat
1147 981 1233 1046 enim

112 1089 221 1133 comes
251 1067 291 1132 de
314 1065 441 1138 Seine1,
472 1064 602 1129 maioris
631 1061 766 1129 ecclesie
795 1063 980 1147 advocatus,
1011 1065 1104 1128 ouius
1152 1065 1234 1131 rima

110 1174 178 1217 vox
207 1161 256 1218 est
284 1151 319 1215 in
349 1168 483 1214 assensu
511 1147 694 1236 prestando.
744 1147 867 1213 Aderat
895 1149 964 1212 dux
993 1147 1033 1213 de
1054 1087 1233 1238 Limhurg²

112 1235 220 1302 etalii
241 1235 364 1301 nobiles
409 1257 485 1298 uam
505 1232 613 1332 plures
636 1242 668 1298 et
713 1231 828 1318 opulus
849 1230 969 1296 multus
989 1233 1096 1297 nimis.

196 1320 325 1384 Laicus.
377 1255 429 1384 'liu
456 1318 546 1400 diors,
597 1318 652 1380 uia
679 1253 819 1381 [hutores
848 1317 916 1381 eius
939 1339 1080 1382 essemus
1109 1326 1140 1383 et
1160 1319 1233 1384 ideo

110 1406 224 1470 vocari
237 1405 279 1469 ad
295 1403 484 1469 electionem
498 1424 562 1466 non
576 1339 779 1466 deberemus.
811 1401 925 1465 Nonne
941 1402 1055 1466 merito
1071 1402 1101 1466 ei
1116 1403 1233 1484 favere,

111 1488 266 1554 adherere
288 1498 320 1553 et
341 1489 460 1554 servire
483 1484 648 1568 debemus,
672 1486 725 1550 cui
746 1484 924 1549 hominium
946 1485 1081 1550 fecimus
1104 1495 1135 1550 et
1155 1486 1233 1551 fide-

110 1571 234 1638 litatem
254 1571 453 1637 iuravimus?

198 1655 352 1722 Clericus.
384 1657 444 1737 Ita,
481 1653 614 1719 uamdiu
628 1655 748 1718 iustum
762 1663 845 1735 erat,
868 1652 924 1717 sed
940 1653 1068 1739 quando
1083 1655 1232 1720 dominus

110 1761 198 1826 papa
218 1761 277 1804 vos
298 1740 340 1805 ab
362 1739 432 1804 eius
453 1677 606 1803 tidelitate
628 1736 810 1801 absolverat
831 1745 863 1800 et
883 1739 1097 1803 iuramentum
1110 1738 1233 1804 relaxa-

111 1832 213 1903 verat,
234 1845 292 1889 vos
315 1825 345 1887 ei
366 1822 406 1888 de
429 1832 532 1887 cetero
554 1819 707 1885 adherere
729 1841 792 1883 non
815 1819 980 1884 debuistis.

197 1907 325 1974 Laicus.
367 1908 499 1971 Poterat
518 1926 577 1969 nos
597 1927 684 1990 papa
705 1927 725 1968 a
746 1903 924 1969 iuramento
946 1902 1121 1983 absolvere,
1146 1907 1234 1992 quod

112 2013 172 2056 nos
193 1993 286 2073 iuste,
306 1991 393 2055 licite
415 2011 453 2053 ac
475 1988 581 2054 debite
626 1987 825 2054 restitimus?

199 2075 353 2142 Clericus.
396 2075 528 2140 Poterat
571 2010 679 2137 uidem
702 2073 736 2136 in
757 2071 818 2136 hoc
840 2070 985 2138 articulo.
1030 2071 1123 2139 Sicut
1147 2075 1234 2139 enim

115 2157 250 2244 dignum
273 2159 419 2224 ordinare
442 2167 474 2224 et
495 2095 683 2222 conhrmare
704 2165 811 2243 potest
832 2157 1029 2243 episcopum,
1056 2158 1103 2222 ita
1130 2166 1163 2223 et
1186 2159 1233 2222 in-

114 2241 248 2329 dignum
269 2253 376 2331 potest
398 2242 677 2308 excommunicare
699 2251 731 2306 et
759 2240 930 2326 deponere.
980 2240 1025 2306 Et
1049 2242 1133 2306 sicut
1159 2264 1234 2308 aum

112 2337 220 2414 potest
241 2329 411 2415 deponere,
433 2329 479 2391 ita
500 2348 628 2413 quoque
651 2325 795 2390 subditos
818 2346 893 2389 suos
908 2323 949 2387 ab
965 2326 1033 2389 eius
1052 2325 1234 2392 obedientia

112 2423 145 2477 et
165 2411 321 2479 fidelitate
341 2421 448 2498 potest
468 2408 635 2476 absolvere
657 2418 691 2475 et
711 2407 753 2473 ab
776 2409 863 2473 omni
883 2409 1062 2476 iuramento
1087 2409 1232 2482 liberare.

112 2497 158 2561 Et
178 2496 239 2562 hoc
261 2519 302 2563 ex
324 2505 482 2584 potestate
504 2493 566 2560 sibi
587 2518 607 2560 a
628 2494 700 2558 Deo
722 2494 848 2573 tradita,
876 2491 975 2559 veluti
995 2504 1104 2559 textus
1130 2516 1234 2560 ewan-

113 2579 189 2727 gqlii
215 2581 319 2664 docet,
344 2581 401 2646 ubi
425 2581 522 2646 Petro
550 2580 682 2644 dicitur:
715 2579 759 2642 Et
790 2579 850 2642 tibi
882 2578 966 2645 dabo
1000 2577 1107 2644 claves
1137 2581 1398 2667 requirentium.

111 2687 145 2730 ce
159 2688 261 2728 orum.

197 2748 325 2812 Laicus.
368 2747 427 2830 Sit,
450 2748 536 2836 quod
558 2770 575 2812 e
600 2749 757 2832 iscopum,
780 2755 899 2832 quanto
921 2746 963 2811 ad
981 2745 1234 2814 ecclesiasticum

113 2834 164 2897 ius
193 2834 314 2914 attinet,
342 2833 434 2899 nobis
456 2771 642 2897 absentibus
673 2852 877 2918 quocumque
899 2830 995 2895 modo
1023 2830 1139 2931 eligere
1160 2854 1234 2918 pos·

114 2919 205 2983 setis:
228 2916 389 3002 quomodo
411 2916 536 2996 ducem,
560 2917 649 2979 cuius
671 2924 720 2979 est
738 2913 889 2980 secularis
903 2915 1041 2997 iusticia,
1057 2939 1126 2983 sme
1139 2916 1234 2982 nobis

116 3010 148 3067 et
168 3010 277 3066 nostro
300 3021 458 3065 consensu
478 2999 571 3065 nobis
592 2997 748 3085 preficere
762 2999 938 3084 poteratis?

200 3084 353 3153 Clericus.
386 3085 549 3148 Patienter
569 3082 646 3147 audi
667 3104 729 3164 me,
751 3093 783 3146 et
804 3105 864 3232 ego
886 3090 918 3145 te
941 3083 1121 3181 expediam.
1153 3057 1234 3151 Erat

115 3168 157 3233 ali
180 3168 287 3234 uando
316 3176 453 3253 tempus,
483 3189 557 3232 cum
585 3167 791 3253 episcopatus
847 3164 1019 3230 oloniensrs
1047 3176 1078 3234 et
1099 3166 1233 3232 ducatus

116 3192 316 3320 Coloniensis
338 3273 402 3316 non
424 3251 465 3316 ab
488 3273 552 3316 uno
574 3261 611 3316 ut
631 3272 726 3330 nunc,
750 3250 807 3314 sed
828 3270 848 3313 a
870 3247 996 3314 duobus
1018 3249 1156 3314 dominis
1177 3251 1232 3315 ha

114 3339 282 3420 bebantur,
311 3347 343 3402 et
369 3359 451 3400 unus
480 3335 608 3401 illorum
637 3333 907 3419 archiepiscopus,
942 3331 1021 3397 alter
1055 3355 1132 3399 vero
1165 3333 1233 3398 dux

117 3423 338 3489 Coloniensis³
359 3422 543 3502 dicebatur;
566 3429 642 3485 tuno
658 3419 872 3505 episcopatus,
896 3419 980 3483 sicut
995 3426 1027 3483 et
1040 3439 1136 3501 nunc,
1151 3440 1229 3483 non-

114 3510 176 3572 nisi
187 3530 245 3594 per
256 3505 444 3572 electionem
455 3504 641 3585 habebatur,
653 3504 788 3568 ducatus
799 3523 874 3567 vero
886 3522 951 3565 non
962 3524 1021 3589 per
1035 3500 1232 3586 electionem,

117 3591 172 3656 sed
200 3590 391 3656 hereditario
420 3591 489 3654 iure
516 3611 575 3675 per
602 3587 837 3652 successionem
864 3585 1016 3652 heredum
1047 3583 1231 3670 tenebatur3

115 3688 146 3740 et
173 3675 199 3738 si
227 3674 355 3761 quando
382 3673 498 3739 herede
526 3672 638 3754 caruit,
659 3673 694 3735 in
719 3693 835 3734 manus
864 3670 1065 3757 imperatoris
1094 3670 1231 3749 devenit,

115 3769 147 3824 et
168 3759 237 3845 ipse
258 3760 311 3823 cui
334 3757 461 3824 volebat
482 3779 556 3822 eum
578 3754 727 3837 contulit;
752 3755 834 3821 sicut
847 3756 924 3821 Otto
946 3756 990 3818 im
1034 3764 1121 3820 rator
1141 3754 1232 3820 illum

114 3843 205 3908 fratri
232 3865 290 3907 suo
318 3842 463 3907 Brunoni
488 3840 730 3926 archiepiscopo
761 3850 792 3903 et
821 3838 954 3904 ecclesie
1012 3838 1166 3904 oloniensi
1196 3842 1232 3904 in
1304 3854 1309 3866 ’

113 3936 304 4018 perpetuum
326 3927 494 3991 concessit.
528 3923 611 3992 Oum
632 3925 730 4010 igitur
751 3922 886 3988 ducatus
907 3945 1082 4011 numquam
1096 3925 1232 3990 antehac

113 4090 136 4144 a)
153 4095 287 4144 opporteret
300 4103 318 4133 c.

115 4241 141 4308 1)
166 4243 311 4297 Haiasicus
337 4241 392 4295 ΙΙΙ
394 4261 403 4306 ,·
433 4259 458 4294 c.
484 4239 673 4302 Wakalmann,
697 4236 813 4304 ‘Philipp
842 4239 900 4290 aad
932 4237 997 4291 Ouo*
1021 4237 1046 4304 I,
1067 4257 1098 4307 p.
1125 4239 1177 4288 367
1202 4256 1229 4290 n.

114 4316 142 4381 2)
161 4317 313 4370 Heiarieas.
388 4319 417 4381 3)
428 4315 504 4366 Haeo
523 4312 611 4365 atinus
628 4320 696 4366 recta
715 4311 788 4364 dicto
807 4329 870 4377 assa,
890 4309 936 4365 via
956 4320 993 4365 est
1012 4314 1083 4380 qaod
1101 4329 1229 4366 moneam.

112 4389 154 4443 De
173 4391 273 4449 ducatu
292 4388 463 4444 hasteriensi
480 4388 605 4440 Bruaoat
624 4403 743 4440 concesso
762 4403 845 4439 serato
865 4395 910 4439 est.
