3122 4978
172 441 360 494 OHRONICA
370 442 482 494 REGIA
494 441 745 498 COLONIENSIS.
766 444 868 497 CONT.
879 446 916 497 ΙΙ.
927 445 959 498 Α.
973 445 1164 500 lale-1218.
1204 445 1256 498 195

219 609 425 674 Innocentius
469 630 532 695 apa
547 610 627 675 obiit
640 610 717 674 Idus
732 610 840 694 Iulii13
862 613 914 675 cui
930 611 1063 699 quidam
1085 614 1255 680 cardinalis

137 691 269 757 Cincius
291 693 393 758 maior
414 631 626 774 substituitur,
649 695 742 781 eique
763 717 881 760 nomen
896 695 1059 761 Honorius
1080 699 1254 784 inponitur.

219 776 378 842 Iohannes
398 799 457 840 rex
467 777 584 862 Anglie
599 777 693 860 obiit,
716 779 766 842 cui
786 777 870 843 filius
885 781 953 845 eius
968 780 1073 844 adhuc
1091 805 1172 868 puer
1186 804 1255 847 suc·
1267 805 1310 848 oa.
1320 807 1356 848 ra.

136 862 242 926 cessit.
285 861 437 942 Berones,
466 862 522 947 qui
543 863 628 946 patri
649 884 707 926 suo
729 862 967 946 rebellaverant,
996 865 1115 952 quique
1136 865 1178 930 ad
1200 889 1255 932 ex-

136 943 322 1030 pellendum
353 966 428 1009 eum
459 967 568 1030 regem
594 947 731 1011 Francia
761 947 918 1012 iuniorem
946 949 980 1011 in
1006 947 1163 1012 auxilium
1191 951 1254 1015 sibi

136 1028 329 1110 asciverant,
350 1027 573 1094 reconciliatos
589 1028 650 1094 sibi
667 1031 701 1093 in
715 1032 851 1116 gratiam
867 1033 1016 1118 suscepit,
1038 1054 1254 1121 processuque

136 1114 289 1199 temporis
300 1113 381 1178 adeo
395 1111 538 1196 invaluit,
558 1123 594 1177 ut
610 1114 681 1200 ipse
696 1136 806 1199 regem
819 1116 955 1180 Francie
968 1137 988 1178 a
1007 1113 1126 1181 finibus
1137 1117 1190 1181 An
1213 1117 1254 1184 lie

134 1196 352 1283 propulsaret,
386 1197 512 1282 citoque
544 1197 690 1282 fugatum
722 1199 757 1261 in
789 1199 917 1263 civitate
949 1199 1087 1286 quadam
1118 1201 1194 1265 obse
1221 1202 1279 1286 't,'

135 1303 230 1367 quem
246 1303 312 1366 per
332 1280 582 1345 satisfactionem
605 1286 779 1381 congruam
801 1285 837 1346 in
858 1283 1033 1348 amicitiam
1054 1285 1185 1370 recepit.
1265 1289 1330 1386 ¹3²¹}

371 1363 467 1428 Anno
489 1365 649 1430 dominice
672 1367 898 1431 incarnationis
922 1368 1014 1432 1217.
1285 1357 1325 1396 ῳ·

217 1448 256 1512 In
277 1448 394 1528 Martio
424 1461 456 1512 et
477 1451 511 1512 in
532 1448 618 1515 Maio
648 1452 817 1514 innumera
842 1450 1015 1515 multitudo
1044 1451 1253 1538 signatorum,

133 1531 189 1596 alii
204 1555 262 1618 per
275 1544 384 1616 terras,
407 1531 463 1596 alii
481 1534 622 1620 navigio,
645 1556 756 1599 versus
771 1533 1012 1599 lerosolimam³
1034 1537 1095 1601 iter
1109 1537 1254 1621 aggressi

134 1626 219 1680 sunt.
283 1616 496 1681 Ludowicus²
511 1616 709 1702 lantgravius
725 1616 805 1683 obiit
820 1620 848 1684 8.
864 1617 1077 1706 IdusAprilis.
1156 1621 1253 1686 Estas
1265 1641 1319 1694 apr.
1329 1643 1351 1684 a.

133 1701 219 1764 sicca
240 1710 273 1765 et
293 1701 427 1764 nimium
449 1700 582 1766 fervida.
670 1702 795 1767 Octavo
816 1701 888 1772 Kal.
913 1700 1029 1767 Octob.
1045 1702 1366 1789 Engilbertussepm.

134 1783 291 1849 (lolonieb
313 1785 348 1848 in
362 1783 641 1883 archiepiscopum
663 1795 866 1850 consecratus
883 1797 932 1850 est
946 1808 966 1848 a
979 1787 1110 1851 domino
1119 1787 1253 1858 ‘Thirico

133 1869 317 1933 Trevirensi
343 1867 602 1954 archiepiscop0,
635 1869 883 1956 astipulantibus
905 1870 1061 1956 Hugardo
1084 1871 1255 1937 Leodiensi

133 1954 296 2052 episcopo,
326 1951 494 2017 Mindense
523 1953 686 2040 episcopo,
715 1948 969 2039 Osniburgense,
1001 1956 1057 2042 qui
1084 1957 1179 2020 etiam
1215 1979 1252 2021 eo

132 2037 185 2102 dre
207 2037 352 2101 similiter
380 2037 414 2100 in
442 2060 459 2100 e
483 2037 631 2122 iscopum
659 2046 861 2102 consecratus
884 2046 942 2102 est.
1027 2039 1065 2103 In
1088 2041 1253 2105 nativitate

133 2132 243 2185 sancte
264 2121 365 2185 Maris
393 2059 524 2206 qulam
550 2121 749 2205 signatorum
771 2143 845 2186 cum
868 2130 997 2186 centum
1019 2123 1353 2209 quinquagintasaca

132 2204 270 2270 navibus
292 2206 464 2269 interram
486 2205 571 2288 regis
593 2204 850 2290 Porthegalensis
873 2205 1082 2292 applicantes,
1111 2205 1153 2270 ad
1176 2208 1253 2271 civi-

133 2297 232 2354 tatem
268 2288 430 2375 quandam
467 2289 714 2353 munitissimam
749 2288 893 2354 Alkhar³
930 2289 1145 2373 devenerunt,
1190 2313 1253 2377 que

133 2373 314 2437 christianis
335 2372 436 2456 multo
458 2382 601 2458 tempore
623 2375 759 2437 nimium
787 2373 912 2453 infesta,
945 2375 1083 2461 paganis
1111 2376 1252 2440 maxime

155 2457 274 2521 residio
302 2457 372 2520 fuit.
422 2457 528 2537 Quam
553 2456 693 2539 fossatis,
724 2457 880 2521 machinis
909 2456 1043 2544 aliisque
1071 2460 1251 2524 innumera

131 2480 251 2607 lilibus
276 2561 438 2604 armorum
466 2543 685 2606 instrumentis
714 2540 990 2616 circumvallantes
1018 2563 1057 2605 ac
1078 2543 1178 2607 nimio
1201 2565 1251 2608 co-

132 2633 211 2689 natu
232 2647 290 2710 per
312 2624 380 2689 dies
401 2624 556 2711 plurimps
578 2627 694 2690 acriter
713 2626 938 2712 inpugnantes,
967 2625 1107 2708 tandem,
1129 2626 1250 2692 auxilio

132 2719 165 2775 et
187 2707 318 2772 consilio
341 2709 485 2795 episcopi
506 2709 749 2776 Ulixibonensis
777 2721 810 2775 et
834 2731 946 2774 eorum
967 2708 1104 2773 militum
1127 2712 1183 2796 qui
1206 2710 1251 2774 di-

132 2801 249 2858 cuntur
263 2792 303 2857 de
318 2791 443 2869 Gladio,
465 2793 500 2856 in
519 2793 600 2858 festo
621 2792 841 2892 apostolorum
857 2793 1007 2879 Symonis
1030 2803 1063 2858 et
1076 2793 1158 2858 lude
1180 2817 1251 2859 eam
1263 2825 1352 2869 oms,

133 2886 296 2964 ceperunt.
338 2875 433 2940 Multi
454 2876 501 2942 ibi
522 2900 564 2942 ex
586 2875 777 2957 chnstianis,
799 2887 847 2942 set
867 2876 968 2942 multo
983 2876 1077 2963 plura
1099 2876 1187 2942 milia
1209 2901 1251 2943 ex

131 2963 266 3048 paganis
300 2959 493 3024 ceciderunt.
579 2961 705 3025 Eodem
742 2982 826 3025 anno
867 2961 1031 3026 christiani
1069 2963 1124 3048 qui
1156 2960 1274 3026 Acus

132 3046 341 3111 morabantur
369 3043 500 3108 consilio
526 3043 784 3130 Templariorum
813 3054 845 3110 et
874 3066 985 3108 eorum
1012 3045 1069 3130 qui
1095 3056 1185 3110 erant
1211 3046 1251 3110 de

132 3128 227 3194 domo
249 3129 353 3192 sancti
366 3126 517 3192 Iohannis
532 3128 671 3213 baptiste
687 3149 761 3192 cum
776 3127 978 3192 multitudine
998 3129 1130 3193 navium
1140 3151 1251 3194 versus
1263 3154 1328 3195 urs.

133 3213 294 3277 civitatem
306 3211 523 3275 firmissimam
533 3212 719 3276 Damiatam
728 3224 750 3294 ⁰,
765 3212 822 3277 ubi
832 3210 924 3274 Nilus
940 3211 1021 3274 mari
1035 3211 1141 3278 influit
1155 3235 1252 3298 supra

131 3295 207 3365 lit'us
230 3295 327 3360 maris
350 3296 453 3378 sitam,
483 3295 689 3381 applicantes,
718 3296 832 3361 turim
861 3295 1024 3381 quandem
1050 3317 1093 3359 ex
1114 3296 1250 3361 adverso

132 3381 271 3468 positam
306 3379 430 3464 magnis
464 3378 644 3466 sumptibus
673 3380 859 3466 ingentique
894 3378 1004 3443 labore
1036 3400 1075 3442 ac
1107 3378 1251 3465 periculo

132 3463 305 3529 multorum
327 3463 552 3549 inpugnantes,
573 3462 703 3528 tandem
725 3464 871 3528 vicerunt
885 3473 926 3537 et,
948 3483 989 3525 ne
1011 3461 1094 3525 ultra
1108 3464 1250 3527 christia-

131 3550 181 3612 nis
209 3546 428 3635 inpedimento
450 3547 539 3629 foret,
570 3556 695 3632 captam
724 3545 885 3612 solotenus
908 3546 1111 3630 deiecerunt3
1139 3547 1250 3634 sicque

130 3642 206 3722 post
235 3643 363 3718 tempus
396 3629 518 3717 aliquot
546 3629 656 3695 Nilum
684 3630 817 3696 fluvium
845 3639 1055 3711 transcuntes,
1087 3631 1121 3694 in
1152 3652 1251 3696 manu

130 3716 237 3781 valida
264 3724 296 3781 et
321 3717 466 3780 exercitu
493 3716 624 3800 copioso
652 3717 663 3780 i
690 3737 758 3779 sam
781 3715 946 3780 civitatem
967 3713 1172 3779 Damiatamc
1195 3713 1250 3779 ob-

131 3801 269 3866 sidentes
291 3799 520 3864 munitionibus
543 3739 850 3865 circumlederuntt

370 3881 464 3947 Anno
487 3883 646 3948 dominice
668 3884 896 3949 incarnationis
920 3881 1012 3946 1218.

216 3968 293 4033 Otto
322 3968 498 4052 imperator
525 3967 606 4032 obiit
636 3968 685 4032 14.
711 3966 784 4031 Kal.
811 3968 897 4033 Iunii
927 3965 1015 4052 apud
1036 3967 1356 4054 Arcenburgtratra

130 4049 222 4115 fluxu
244 4051 420 4137 sanguinis.

132 4210 154 4264 a)
171 4213 324 4255 Isroscliman
340 4213 389 4254 At.
421 4210 445 4265 b)
460 4209 526 4255 Oolo'
542 4211 592 4254 Aa.
623 4211 775 4264 affirmatam
792 4213 840 4255 As.
872 4210 895 4265 d)
911 4223 969 4255 ose
983 4211 1250 4255 mclrcumderuntss.

132 4343 162 4412 1)
181 4345 208 4397 d.
226 4345 332 4397 1c.lo!.
353 4344 424 4398 obiit.
464 4341 609 4408 2JPotias:
629 4347 811 4397 Hermannus.
857 4342 886 4411 3)
901 4341 1033 4409 ΑΖΙεακανς
1052 4347 1085 4412 cf.
1101 4344 1173 4398 Orat.
1189 4345 1249 4397 III.

132 4427 156 4470 et
175 4417 328 4471 relationem
346 4419 422 4484 iufra
441 4417 547 4471 editam.
623 4419 653 4486 4)
671 4417 827 4486 Horabarg.

954 4503 1019 4568 13*
