3122 4978
206 429 394 481 CHRONIOA
413 429 526 482 REGIA
547 430 800 484 COLONIENSIS.
821 431 925 486 OONT.
938 433 991 485 111.
1012 435 1045 487 A.
1060 435 1140 488 1203.
1189 438 1242 487 211

520 603 682 657 Recensio
703 605 728 658 Ι.
748 615 779 657 et
798 606 845 658 ll.

113 689 237 774 procul
258 691 451 755 exeuntibus
472 693 595 756 nostris
616 715 718 777 usque
747 693 793 756 ud
814 693 900 756 mille
923 695 1053 759 animus
1075 696 1323 762 bominumtsor.

116 783 344 860 puqnutorum
359 776 540 861 imperator
555 779 697 840 occurrit
712 779 749 840 in
764 777 972 841 multitudine
987 781 1095 864 qravi.
1131 780 1242 845 Primo

121 881 299 944 conpressu
326 859 514 943 dissipatur
541 863 689 942 omnino,
723 863 805 924 cesis
834 864 1004 948 captisque
1031 886 1097 926 non
1119 868 1243 948 paucis
1286 902 1290 910 ,

121 944 193 1006 sine
216 943 363 1028 dompno
385 954 588 1025 nostrorum,
612 945 708 1031 fuqa
729 945 954 1030 iqnominiosa
976 948 1146 1010 consulens
1169 949 1242 1030 sibi,

122 1027 288 1111 clippeum
311 1027 420 1108 abicit,
443 1052 538 1092 arma
554 1029 689 1113 deponit
711 1038 740 1091 et
754 1032 876 1093 nostris
897 1027 1050 1094 venillum
1072 1033 1243 1117 imperiale

123 1111 257 1176 dimittit
291 1109 491 1197 nobilemque
529 1137 628 1199 quom
655 1113 721 1176 sibi
750 1112 901 1197 preferri
926 1113 1058 1197 fecerat
1092 1140 1242 1202 yconam,

122 1217 221 1280 quam
243 1191 355 1260 ordini
372 1195 580 1262 Cisteroiensi
600 1200 706 1262 nostri
728 1197 917 1261 dedicavere
940 1200 1084 1262 victores.
1121 1200 1242 1265 Iterato

121 1281 295 1364 naviqium
311 1289 457 1344 nostrum
463 1282 612 1366 flammis
628 1282 833 1367 oqqreditur,
848 1283 1122 1368 intempestaeque
1136 1287 1241 1349 noctis

121 1364 251 1428 silentio
276 1365 315 1428 16
337 1388 417 1428 suos
438 1387 539 1430 naves
561 1367 725 1446 incensos,
747 1365 826 1429 velis
848 1368 884 1430 in
907 1365 1010 1430 altum
1031 1370 1191 1451 erepansis
1214 1378 1243 1431 et

120 1448 266 1532 inferius
289 1448 453 1534 colliqatis
468 1451 514 1514 ad
524 1472 673 1533 proram,
686 1450 794 1535 jlunte
806 1449 944 1533 fortiter
967 1460 1089 1531 austro,
1112 1462 1243 1516 nostras

121 1534 219 1596 mittit
245 1535 282 1597 in
314 1557 433 1615 noves,·
469 1535 527 1598 sed
553 1534 697 1598 Domino
718 1534 869 1618 faciente
899 1558 971 1598 cum
1006 1534 1105 1599 multo
1132 1535 1243 1601 labore

121 1627 308 1681 nostrorum
336 1619 539 1682 custodimur
566 1619 759 1701 indempnes
768 1627 791 1698 ⁸,
821 1627 850 1681 et
879 1618 1081 1682 ardentibus·
1100 1621 1242 1685 navibus

120 1701 225 1766 clavis
256 1701 387 1782 influis,
417 1704 542 1766 catenis
568 1703 762 1782 berentibus,
792 1711 978 1766 nostrorum
1006 1706 1143 1789 remiqiv
1172 1713 1240 1768 tro-

122 1786 247 1850 buntur
267 1787 305 1850 in
323 1785 476 1872 peloqus,
505 1795 533 1850 et
555 1787 596 1850 ub
618 1787 795 1850 inminenti
816 1789 928 1849 mortis
952 1786 1104 1868 periculo
1128 1812 1148 1850 u
1172 1789 1240 1853 Do-

119 1873 211 1934 mino
239 1868 429 1934 liberamur.
480 1870 550 1934 Nos
578 1873 685 1956 iqitur
718 1892 790 1934 eum
818 1878 996 1933 terrestrem
1022 1893 1244 1954 provocamus

122 1955 169 2018 ad
184 1977 350 2040 puqnam,
372 1965 402 2018 et
442 1964 513 2034 onte
536 1963 633 2040 atque
655 1977 749 2018 omne
770 1955 974 2033 transmisso,
990 1955 1049 2038 qui
1063 1958 1241 2020 evercitum

120 2048 267 2103 nostrum
289 1977 468 2123 separabat
491 2063 512 2102 a
535 2037 662 2119 Grecis,
684 2040 795 2102 cuneis
818 2038 992 2119 ordinatis,
1015 2048 1240 2125 antepartum

119 2124 182 2188 diu
215 2126 357 2187 stetimus
378 2125 491 2210 reqiae
526 2124 668 2186 civitatis
703 2131 733 2184 et
763 2121 895 2206 palacii
926 2122 1120 2204 imperialis,
1154 2125 1244 2224 quod

120 2207 337 2271 Blanleernab
375 2216 608 2291 nuncupatur,
651 2209 688 2270 in
725 2208 856 2270 nomine
893 2205 1032 2269 Domini
1069 2230 1240 2293 aqmsnum

119 2289 236 2372 Israel,
253 2292 444 2376 precedente
467 2315 562 2355 cruce
584 2290 726 2372 vivifico,
749 2293 869 2374 parati
891 2290 937 2353 ad
952 2288 1099 2374 prelium
1123 2290 1241 2357 Grecos

120 2378 279 2461 concipere,
301 2377 333 2439 si
353 2378 400 2440 eis
416 2376 600 2460 placuisset
621 2376 720 2439 ervire.
763 2375 807 2437 Et
833 2375 964 2458 quidem
995 2396 1060 2458 pro
1093 2375 1241 2440 miliciae

31 2525 36 2536 ,
119 2462 273 2526 evercitio
300 2470 467 2525 eueuntem
496 2459 632 2524 nobilem
659 2459 824 2545 quendum
852 2459 958 2522 nostri
981 2459 1109 2542 pedites
1137 2462 1238 2524 truci-

121 2545 255 2609 darunt.
299 2545 357 2609 Sic
378 2548 416 2609 in
439 2552 550 2608 castra
577 2545 709 2624 reversi,
739 2551 828 2606 terra
857 2543 1006 2627 morique
1029 2547 1140 2626 sepius
1156 2567 1238 2629 pro·

119 2653 285 2709 vocamur,
330 2629 387 2694 sed
423 2629 521 2692 dante
558 2629 699 2692 Domino
736 2648 863 2709 semper
899 2649 939 2690 ac
974 2626 1240 2711 triumphaliter⁰

120 2715 308 2778 obtinemus.
352 2714 454 2777 Mittit
481 2713 527 2776 ad
555 2735 614 2776 nos
638 2713 736 2797 pacis
753 2710 855 2792 fictae
876 2709 999 2796 leqatos
1016 2712 1166 2797 perfidus
1188 2714 1241 2776 in-

120 2798 276 2863 cubatord
300 2799 442 2882 imperii,
458 2796 608 2882 postulat
627 2806 656 2860 et
681 2796 799 2860 obtinet
825 2818 896 2859 cum
927 2795 1008 2858 duce
1030 2793 1108 2859 collo
1133 2797 1237 2860 nium.

123 2880 265 2968 Cumque
286 2883 388 2946 eidem
411 2882 480 2945 duc
493 2882 729 2966 moqnanimus
745 2880 918 2958 obiecisset,
941 2879 1028 2964 quod
1049 2818 1144 2943 nulla
1166 2904 1239 2944 cum

120 2989 156 3032 eo
173 2969 274 3052 pacis
290 2976 402 3051 posset
423 2989 488 3029 esse
510 2966 680 3046 securitas,
710 2966 768 3050 qui
789 2963 958 3027 dominum
987 2985 1082 3027 suum
1110 2986 1240 3028 carcere

121 3051 337 3130 conclusisset,
348 3051 534 3136 postposita
548 3048 777 3112 iurisiurandi
790 3045 949 3131 reliqione
968 3055 997 3110 et
1002 3046 1098 3128 fidei,
1120 3057 1149 3110 et
1170 3050 1242 3133 ipsi

117 3137 356 3222 proripuisset⁰
385 3136 569 3219 imperium,
597 3133 698 3196 eidem
721 3154 759 3194 uc
789 3131 875 3195 bona
888 3131 959 3211 jide
986 3131 1174 3213 consuleret,
1203 3142 1241 3196 ut

121 3223 289 3286 dominum
316 3242 411 3284 suum
437 3219 617 3283 restitueret
644 3225 673 3278 et
700 3155 871 3279 lumiliter
898 3215 1027 3277 veniam
1044 3214 1241 3298 postularet,

121 3315 253 3370 nostras
275 3305 373 3368 etiam
387 3325 455 3389 pro
477 3325 509 3365 se
522 3301 722 3386 promitteret
731 3321 856 3384 preces,
878 3305 907 3361 et
929 3297 1015 3382 quod
1037 3305 1109 3362 cum
1131 3299 1239 3362 eodem

121 3391 254 3455 domino
283 3409 342 3452 suo
369 3387 633 3466 misericorditer,
663 3386 693 3447 si
720 3381 820 3462 vellet,
851 3405 948 3467 aqere
976 3381 1169 3462 deberemus,
1200 3405 1241 3445 ac

121 3472 282 3562 quicquid
304 3481 419 3536 contra
441 3493 501 3536 nos
516 3478 626 3555 eqerot
639 3489 804 3547 venenose,
826 3467 856 3530 si
876 3466 999 3529 rediret
1021 3465 1066 3528 ad
1082 3467 1241 3548 animum,

120 3563 165 3626 im
192 3567 286 3622 utare
301 3557 451 3621 vellemus
471 3557 548 3618 etati
560 3551 733 3638 lapsuive‘
753 3548 904 3616 consilii:
926 3557 955 3612 et
968 3547 1023 3611 ille
1037 3571 1127 3612 vano
1141 3549 1241 3613 verba

120 3581 304 3724 subintulit,
320 3642 402 3726 quia
416 3663 499 3726 quoe
513 3637 722 3722 responderet
736 3633 977 3699 rationabiliter
998 3655 1064 3696 non
1087 3633 1241 3715 babebat,·

121 3726 337 3792 obedientiam
350 3734 456 3789 autem
467 3723 612 3786 Romani
619 3719 788 3806 pontificis
803 3727 831 3781 et
846 3717 1085 3782 subventionem
1097 3716 1244 3782 Sanctus

122 3813 259 3890 Terrae,
296 3832 395 3894 quam
431 3812 616 3872 iuramento
653 3814 682 3868 et
716 3804 839 3887 scripto
879 3800 1049 3887 imperiali
1080 3801 1244 3883 firmarat

120 3895 271 3974 Alenius,
294 3894 375 3958 odeo
397 3891 564 3971 refutavit,
594 3898 630 3953 nt
650 3890 751 3952 vitam
774 3889 918 3951 amittere
970 3885 1136 3970 reeliqeret
1158 3883 1240 3950 Gre-

120 3980 268 4064 ciamque
290 3978 442 4055 subverti,
465 3998 563 4060 quum
606 3973 671 4036 uod
684 3972 818 4035 Latinis
835 3909 1048 4054 pontiJlbibus
1071 3969 1244 4035 orientalis

121 4063 258 4128 ecclesia
293 4062 493 4126 subderetur.
550 3998 674 4122 Nbcteii
709 4057 816 4142 iqitur
854 4056 1037 4139 insequenti
1073 4053 1241 4118 dominum

120 4143 218 4212 suu'm
239 4145 376 4210 latenter
396 4143 513 4228 laqueo
529 4141 667 4227 suffocat
688 4141 723 4203 in
746 4161 886 4219 carcere,
909 4161 981 4202 cum
1003 4159 1065 4223 quo
1087 4140 1165 4222 ipsu
1187 4137 1243 4202 die

119 4319 144 4372 s)
153 4321 269 4370 indspnes
277 4320 296 4358 B
304 4323 325 4359 1.
364 4317 388 4370 b)
397 4318 528 4358 Bischsrns
538 4316 606 4365 Bouq.
612 4326 620 4364 ,·
636 4319 659 4354 si
667 4335 690 4345 -
699 4315 846 4362 nuncupatur
853 4311 896 4352 dee.
907 4310 963 4352 Aru.
993 4307 1014 4362 c)
1023 4309 1193 4359 triumphanter
1200 4309 1244 4349 01.

119 4379 146 4432 d)
161 4381 194 4420 ita
210 4379 266 4420 Arn.
281 4373 352 4428 Bouq.
376 4382 395 4418 et
411 4376 502 4426 θωνα
517 4387 540 4425 p.
558 4377 614 4424 ²1²3
630 4373 776 4415 incumbstor
790 4371 851 4412 eodt.
941 4367 964 4420 s)
979 4370 1133 4420 proripuisset
1148 4368 1198 4407 131.
1214 4368 1245 4418 ἲς

120 4439 282 4491 prompsisset
298 4438 342 4478 01.
402 4435 561 4488 nispsuiqus
576 4434 655 4475 Bm.
716 4430 739 4484 ς)
756 4431 824 4471 Nocti
840 4429 918 4480 oms
933 4429 1009 4470 Noctu
1025 4429 1071 4468 Bi.

976 4500 1037 4564 14*
