3102 4978
285 390 319 439 42
476 384 663 438 cflaoulcs
682 384 796 438 astula
815 384 1054 438 COLONIENSIS
1073 384 1106 435 A.
1128 384 1208 435 1106.

225 573 275 613 m.
359 561 464 612 Delatis
483 561 564 625 igitur
583 574 673 611 coram
692 575 756 625 rege
777 560 933 625 cunctisque
953 561 1033 611 totius
1054 560 1212 610 Germaniae
1231 560 1402 626 optimatibus

286 641 313 688 st
331 633 481 701 presulibus
501 633 626 698 omniqua
647 632 719 684 clero
738 631 818 684 simul
832 637 858 684 et
871 633 969 700 populo
985 633 1165 698 legationibus
1178 634 1316 686 Romanae
1329 633 1402 687 sadis

284 726 364 776 super
383 707 558 759 ecelesiarum
576 707 654 772 regni
672 708 749 758 iatius
770 707 1009 758 commaculatione
1029 706 1135 758 diversa
1155 712 1182 757 ot
1196 707 1355 772 inveterata,
1376 713 1403 758 et

285 789 395 834 econtra
421 779 609 832 emendatione
634 780 668 830 ab
697 780 828 831 universis
855 782 1016 831 unanimiter
1043 782 1188 846 promissa,
1217 780 1320 847 placuit
1347 787 1402 832 tam

284 857 343 922 regi
356 871 435 922 quam
454 853 613 920 primoribus
633 852 668 904 ad
694 859 813 905 sanctam
839 859 951 904 matrem
972 855 1121 905 Romanam
1146 852 1290 905 ecclesiam
1314 859 1403 906 tantos

285 945 317 980 ac
346 928 414 980 tales
439 943 455 976 a
480 927 600 993 partibus
624 928 682 978 istis
705 927 811 992 lagatos
837 928 989 990 transmitti,
1019 927 1064 992 qui
1093 932 1120 977 ot
1148 927 1181 978 da
1211 928 1323 979 obiectis
1352 929 1402 979 rite

210 997 216 1012 '
284 1003 413 1053 rationem
442 1001 555 1051 reddare
585 1005 611 1050 at
639 999 672 1050 de
697 1001 806 1052 incertis
831 1002 965 1064 sagaciter
990 1001 1153 1066 investigare
1181 1015 1214 1051 ac
1239 1017 1288 1067 per
1313 1002 1403 1052 omnia

285 1073 444 1127 utilitatibus
464 1073 654 1126 aeclesiasticis
673 1074 808 1140 sapienter
828 1073 965 1124 consulere
985 1074 1039 1124 sint
1055 1072 1155 1124 idonci.
1195 1074 1357 1140 Separantur
1374 1076 1403 1124 in

285 1150 416 1216 hocopus
431 1148 481 1199 viri
501 1149 594 1215 spiritu
613 1148 761 1213 sapientiae
781 1145 863 1214 pleni,
884 1147 1066 1212 dignitatibus,
1081 1147 1214 1198 natalibus
1229 1153 1255 1197 at
1268 1146 1403 1213 elegantia

285 1237 333 1274 seu
353 1223 453 1273 divitiis
471 1222 593 1288 precipui
612 1217 738 1286 nullaque
757 1219 904 1272 secuudum
918 1221 1006 1270 Deum
1026 1221 1083 1272 siva
1098 1219 1217 1272 seculum
1230 1222 1402 1272 veneratione

285 1295 401 1361 indigni:
427 1311 444 1345 a
465 1294 641 1359 lothoringia
665 1294 754 1345 Bruno
780 1295 953 1357 Trevirensis,
979 1309 995 1343 a
1019 1293 1136 1345 Saxonis
1155 1295 1288 1345 Heurieus
1307 1293 1402 1347 Made-

284 1370 433 1435 burgcnsis,
453 1383 470 1418 a
482 1369 598 1418 Francia
611 1368 674 1420 Otto
688 1367 930 1434 Buvenbergansia,
950 1383 966 1417 a
982 1367 1108 1418 Baioaria
1126 1367 1319 1420 avertamus*
1335 1369 1402 1418 Hei-

286 1444 420 1505 statonsis,
444 1442 478 1492 ab
501 1439 652 1492 Allemania
670 1440 846 1492 (lombardus
866 1442 1087 1504 Constantiensis,
1114 1441 1307 1506 a·Burguudia
1326 1441 1403 1492 Curi·

286 1517 367 1579 ensis,
385 1514 506 1565 nonnulli
527 1516 607 1565 etiam
627 1513 730 1566 nobiles
752 1513 889 1566 delatore
909 1515 979 1580 regis
998 1513 1086 1564 laicae
1111 1514 1296 1582 professionis3
1320 1514 1403 1582 idque

284 1591 354 1639 inter
373 1594 463 1640 cetera
482 1589 631 1654 suscipiunt
651 1589 679 1638 iu
699 1586 839 1652 mandatis,
859 1595 897 1651 ut,
916 1589 939 1640 si
957 1586 1016 1638 fieri
1034 1589 1127 1654 possit,
1148 1589 1238 1639 domni
1262 1588 1405 1656 apostolici

285 1663 446 1729 presentiam
468 1661 612 1728 cisalpinis
631 1662 750 1729 partibus
769 1663 912 1729 impetrant
931 1661 1060 1712 exhiberi.

286 1833 309 1887 a)
325 1835 458 1876 Eutherius
474 1835 492 1875 6¹
498 1837 518 1876 1.
