2988 5058
216 441 267 492 EX
285 439 379 492 HIST.
398 438 682 492 EXPEDITIONUM
700 438 741 490 Ill
759 440 908 492 TERRAM
926 440 1103 496 SANGTAM.
1163 443 1221 495 339

100 617 221 667 aarum&
260 613 362 664 civitas
385 614 437 663 hec
456 619 545 679 preter
563 611 711 664 naturalem
726 614 805 664 situm
821 612 884 677 loci,
903 629 956 680 quo
975 615 1100 678 munitur,
1119 615 1220 682 triplici

100 692 192 740 cincta
210 692 252 739 est
270 703 354 746 muro,
379 686 496 737 turribus
514 685 644 738 latericiis
663 686 754 738 multis
772 692 801 738 et
819 689 924 752 magnis
942 687 1087 741 lcffissime
1105 686 1218 752 firmata,

100 763 186 813 clavis
215 765 244 812 et
270 759 436 812 autemurale
455 761 537 811 totius
556 759 671 826 Egypti,
698 761 770 811 inter
796 766 894 811 terram
915 753 1013 812 Iesseb
1042 767 1070 813 et
1094 777 1218 828 campum

99 837 224 886 Thaneos
239 835 300 896 sita,
325 835 375 883 ἰιιο
399 839 479 892 terra,
499 842 529 883 ut
547 833 671 884 conicere
689 849 840 899 possumne,
857 835 969 894 Gersen,
994 835 1058 899 qnia
1081 835 1218 902 pascualis

1 926 3 955 r
100 914 150 970 est,
170 923 250 974 quam
268 908 410 974 pecierunt
427 905 476 955 filii
495 901 603 956 Israel(l
622 921 639 956 a
657 907 799 957 Pharaone
818 913 939 974 tempore
958 908 1047 958 famis.
1081 908 1217 974 Damieta,

1 1001 2 1029 1
99 983 235 1045 Damiata,
253 980 349 1031 inclita
367 982 396 1030 in
415 980 514 1045 regnis,
533 980 636 1030 famosa
654 979 766 1031 multum
784 981 814 1031 in
826 980 953 1047 superbia
962 980 1116 1046 Babylonis,
1136 983 1217 1034 maris

1 1097 2 1104 ,
99 1054 272 1117 dominatrix,
298 1053 502 1104 christianornm
522 1052 690 1119 spoliatrixt,
715 1069 764 1120 per
786 1069 888 1120 paucas
911 1053 1001 1106 scalas
1021 1054 1217 1120 conprehensa,

99 1145 171 1179 nnnc
190 1127 331 1179 humiliata
357 1142 387 1177 es
412 1126 461 1176 sub
487 1127 591 1192 potenti
615 1141 696 1176 mann
714 1127 776 1188 Dei,
804 1131 833 1177 et
857 1121 929 1193 quel
951 1129 1025 1194 prins
1049 1128 1217 1194 parturiebas

97 1203 212 1268 spurios,
230 1201 328 1252 amodo
341 1200 430 1267 paries
440 1198 510 1251 filios
527 1199 664 1265 legitimos
682 1199 718 1249 ad
732 1199 832 1250 cultum
842 1199 907 1250 Filii
919 1201 982 1264 Dei,
1000 1199 1111 1251 firmiter
1129 1217 1146 1251 a
1159 1201 1216 1252 cul·

98 1275 201 1327 toribus
230 1274 331 1324 Christi
359 1289 495 1340 possessa.
540 1274 691 1324 Aconensis
719 1274 862 1340 episcopus
886 1276 940 1324 iam
970 1290 1004 1324 ex
1031 1282 1059 1324 te
1084 1275 1216 1341 primitias

98 1351 246 1400 animarum
266 1347 357 1410 solvit,
376 1345 503 1414 parvulos
521 1352 590 1407 tuos,
616 1347 710 1411 quiin
728 1353 755 1398 te
774 1347 874 1414 reperti
892 1353 954 1398 snut
973 1347 1007 1398 ab
1026 1349 1094 1414 ipso,
1117 1347 1215 1400 vitales

98 1429 126 1474 et
143 1423 223 1474 morti
241 1423 377 1487 proximos
402 1420 572 1486 baptismatis
591 1419 664 1470 unda
683 1419 915 1471 sacramentaliter
940 1420 1103 1483 mundando,
1127 1423 1215 1472 ceiam

96 1498 175 1546 morti
194 1496 329 1560 proximos
347 1492 512 1544 renovando.
549 1492 715 1559 Multiplices
734 1493 837 1544 solvisti
861 1509 955 1560 penas,
979 1495 1043 1559 quia
1059 1500 1150 1560 preter
1169 1509 1216 1546 eos

96 1571 144 1634 qui
161 1571 217 1619 vivi
237 1567 415 1634 conprehensi
434 1567 542 1617 suntin
565 1573 592 1617 te
618 1569 715 1618 mortni
739 1569 779 1618 tui
797 1568 943 1634 promiscui
960 1583 1040 1619 sexus
1059 1582 1077 1617 a
1095 1574 1215 1634 tempore

96 1640 244 1692 obsidionis
262 1643 291 1690 in
311 1642 425 1691 circuitu
450 1644 630 1706 conputantur
653 1640 689 1690 ad
712 1641 824 1706 triginta
848 1640 925 1690 milia
950 1640 1122 1707 etamplius,
1147 1657 1215 1707 qnos

95 1715 154 1765 sine
179 1713 250 1765 ferro
274 1714 319 1764 vel
343 1715 408 1778 igne
432 1713 565 1764 Dominus
587 1714 736 1780 percussit,
765 1713 862 1764 amodo
891 1715 1023 1765 sustinere
1052 1713 1215 1779 dedignatus

95 1787 238 1853 spurcitias
256 1788 285 1836 in
303 1792 331 1837 tc
351 1787 517 1836 commissas.

171 1860 214 1912 15.
227 1859 352 1911 Gaudeat
359 1860 442 1923 igitur
451 1857 611 1908 universalis
621 1857 747 1919 ecclesia,
756 1859 851 1922 dignas
861 1860 1006 1922 gratiarnm
1016 1862 1137 1912 actiones
1146 1860 1215 1911 reie-

94 1933 179 1984 rendo
198 1948 247 2000 pro
266 1931 315 1982 tali
327 1932 492 1998 triumphos,
512 1937 540 1981 et
556 1946 610 1981 non
628 1930 715 1982 solum
727 1931 922 1998 proDamiata,
941 1932 990 1982 sed
1008 1949 1057 1999 pro
1076 1933 1216 1985 destructa

94 2008 248 2074 perniciosa
266 2006 413 2055 munitione
432 2005 531 2055 montis
548 2003 657 2055 Thabor
677 2009 705 2054 et
722 2019 770 2070 pro
789 2003 864 2054 aditu
883 2004 968 2055 libero
988 2006 1023 2056 ad
1036 2006 1213 2068 Iherusalem,

93 2085 124 2132 ut
135 2079 325 2131 reedificentur
344 2079 412 2128 muri
425 2079 483 2128 eius
495 2082 616 2144 tempore
629 2078 664 2128 ab
672 2077 809 2128 altissimo
828 2079 949 2143 provis03
976 2096 1025 2145 pro
1045 2087 1133 2131 castro
1152 2095 1213 2145 pre·

93 2159 170 2204 terea
188 2152 252 2204 Filii
272 2153 334 2214 Dei,
354 2151 427 2216 quod
446 2153 552 2216 magnis
571 2151 721 2218 sumptibus
740 2149 851 2201 edificat
869 2151 971 2202 utiliter
996 2157 1024 2203 et
1045 2154 1213 2219 inexpugna-

93 2226 185 2277 biliter
202 2225 305 2276 milicia
322 2224 437 2292 Templi,
463 2225 497 2274 cle
523 2240 576 2291 quo
603 2225 725 2291 superius
750 2223 856 2290 plenius
881 2226 1011 2290 scriptum
1038 2223 1093 2278 est!
1112 2226 1212 2277 Letare

92 2299 249 2367 specialiter
266 2300 402 2365 provintia
421 2297 601 2361 coloniensis,
626 2297 718 2348 exulta
737 2303 765 2348 at
783 2296 876 2360 lauda,
900 2299 1027 2364 qnoniam
1041 2301 1070 2350 in
1088 2299 1211 2364 nauibus,

91 2375 120 2423 in
137 2373 320 2424 instrumentis
340 2371 454 2436 bellicis,
474 2371 659 2438 bellatoribus,
685 2371 775 2434 armb,
800 2372 924 2436 pecunia,
943 2373 1106 2424 victualibus
1126 2374 1212 2424 maius

92 2446 220 2498 auxilium
239 2445 327 2497 tulisti
345 2461 426 2512 quam
445 2446 581 2497 residuum
601 2447 683 2496 totius
701 2445 780 2510 regni
797 2444 971 2496 Thentonicil

620 2810 684 2863 VII.

144 2899 200 2951 EX
213 2899 401 2953 HISTORIA
419 2899 726 2953 EXPEDITIONUM
742 2901 792 2953 IN
810 2901 968 2954 fflRRAM
985 2899 1169 2956 saltem

526 2991 560 3044 A.
576 2993 767 3046 tels-1219.

384 3097 415 3161 2.
437 3095 512 3160 De¹
529 3117 724 3182 processu
744 3096 914 3160 navium.

173 3199 269 3262 Anno
284 3199 387 3283 gratie
404 3196 574 3263 millesimo
592 3198 813 3263 ducentesimo
832 3220 867 3262 se
891 3197 971 3261 timo
989 3195 1116 3263 decimo
1130 3200 1210 3265 Wil-

88 3282 214 3348 helmus
228 3303 336 3348 comes
349 3280 512 3347 Hollensis
525 3292 559 3347 et
570 3281 610 3348 G.
626 3303 734 3346 comes
749 3281 790 3346 de
800 3281 856 3347 Wi
880 3303 899 3345 e
920 3302 995 3345 cum
1015 3281 1088 3346 aliis
1112 3304 1209 3349 cruce

89 3368 224 3453 signatis
239 3366 419 3433 Theutonie
439 3387 479 3431 ac
494 3366 599 3431 Frisie
618 3365 661 3432 ad
675 3366 809 3430 Terram
822 3365 988 3455 [Sanctam
996 3365 1023 3452 ΙΙ]
1045 3365 1209 3451 proficisci

90 3546 114 3599 a)
130 3561 153 3588 m
168 3559 233 3599 spec.
248 3549 296 3590 dlv.
310 3551 335 3590 tn
349 3561 432 3590 rosera
450 3561 483 3600 c.,·
497 3549 541 3591 des.
557 3549 598 3600 h.,·
618 3549 644 3590 ln
659 3549 745 3590 abund.
760 3547 835 3588 canis
850 3547 935 3588 caicus
957 3545 982 3598 b)
999 3547 1025 3589 θ.
1086 3547 1164 3590 (lesen
1178 3550 1207 3591 la

89 3604 111 3657 c)
126 3609 175 3648 lata
189 3612 225 3648 est
239 3612 301 3648 terra
316 3608 400 3655 (lesen,
415 3609 534 3659 pascualis
549 3609 704 3650 creberrima
719 3619 781 3658 q.p.
797 3607 824 3649 n.
892 3605 916 3658 d)
931 3617 1040 3657 supernas.
1056 3619 1076 3648 c.
1143 3606 1166 3660 a)
1181 3611 1208 3651 tu

88 3675 184 3707 accessu
199 3671 373 3716 persecutorum
389 3679 484 3709 snorum
498 3679 523 3718 p.
539 3679 563 3718 p.
579 3671 603 3708 et
624 3667 727 3708 modicas
749 3677 781 3706 sc.
796 3667 824 3707 h.
868 3664 927 3718 t)et
948 3666 1062 3719 adultero,
1084 3677 1153 3716 quern
1167 3669 1208 3710 dtu

88 3727 192 3776 unnmi,
207 3727 301 3766 undem
315 3728 426 3777 protecto,
444 3737 539 3769 resena
561 3727 633 3768 asad
653 3730 779 3767 amatorem
800 3730 865 3766 tunm
880 3727 989 3776 priorem,
1003 3729 1028 3767 st
1042 3735 1087 3776 que
1101 3728 1167 3778 prins
1181 3727 1208 3768 h.

89 3783 113 3836 g)
129 3796 152 3835 p.
167 3789 184 3825 t.
201 3790 231 3825 tr.
248 3788 326 3834 grates
341 3787 446 3828 retemns
461 3787 520 3838 Deo,
536 3787 577 3836 qni
591 3786 639 3827 site
654 3788 678 3827 et
692 3786 773 3826 mortis
789 3784 860 3825 habet
873 3785 1004 3837 imperinm,
1020 3786 1059 3826 cui
1073 3789 1110 3826 est
1123 3786 1208 3840 honor,

88 3845 161 3884 virtus
177 3847 201 3884 et
215 3845 325 3894 potencia
339 3855 382 3895 per
396 3845 490 3886 indulta
504 3845 584 3886 secula
598 3845 730 3886 seculorum
746 3854 822 3896 amen,
832 3844 885 3895 Jtait
899 3844 924 3886 L.
983 3842 1008 3896 h)
1024 3845 1080 3885 decet
1094 3855 1112 3886 c.

90 3992 119 4062 l)
137 3993 220 4047 Ia'bro
233 3993 417 4062 praemittitur
434 3995 532 4046 rubro:
561 3996 662 4062 Incipit
687 3994 782 4046 relatio
801 3992 1027 4045 Iherosolimitani
1050 3996 1206 4061 patriarche

86 4069 198 4122 Romam
217 4067 340 4136 pontifici
358 4070 393 4120 dc
411 4071 595 4120 transmarinis
613 4069 778 4135 principibus
797 4067 971 4132 salahadino,
1000 4069 1081 4119 etiam
1101 4069 1205 4136 sephe-

87 4141 151 4194 dino
177 4149 205 4194 et
230 4143 265 4194 de
288 4142 370 4193 variis
396 4141 536 4194 eventibus
561 4141 764 4193 christianorum
789 4147 816 4192 et
839 4140 932 4206 preliis
957 4148 1050 4192 contra
1072 4141 1205 4209 perfidam

87 4221 195 4282 gentem
215 4217 439 4280 sarracenorum
463 4213 494 4266 id
515 4221 553 4267 est
576 4231 631 4265 noa
652 4212 753 4266 Olioari
770 4212 901 4278 narrato,
924 4221 955 4264 at
972 4213 1108 4278 Bdhricht,
1128 4214 1205 4266 ‘For-

87 4287 227 4355 schmsqen'
246 4289 326 4352 XVI,
345 4307 378 4355 p.
401 4289 462 4351 loe,
482 4288 606 4354 opinatm
625 4296 671 4351 cet,
696 4287 744 4341 sed
762 4285 848 4340 bracis
865 4286 997 4352 παπαίὶο,
1025 4286 1113 4353 petalis
1131 4286 1206 4341 editu

87 4370 125 4413 est
143 4370 276 4428 tamquam
295 4361 388 4414 tertias
407 4361 500 4415 Iacchi
518 4362 552 4414 de
572 4361 688 4413 Vite-iaco
707 4360 773 4414 liber
792 4361 840 4428 (cf.
854 4359 983 4424 Zaraclce,
1002 4360 1074 4414 ‘Rea
1093 4361 1157 4416 dds.
1172 4360 1204 4414 S.

87 4433 148 4488 Ges.
168 4435 195 4487 d.
214 4434 299 4492 ΨΜ)
320 4436 399 4500 1875,
423 4453 452 4502 p.
473 4436 538 4502 14⁶)
559 4443 583 4488 et
601 4435 677 4502 opnd
690 4433 771 4499 (liles,
790 4434 849 4487 Ino.
868 4432 959 4500 script.
973 4451 1005 4499 p.
1026 4435 1070 4487 61.

938 4519 1003 4584 22*
