3126 4976
314 392 366 441 142
441 389 628 443 eunomus
646 388 760 441 REGIA
780 388 1027 441 COLONIENSIS.
1048 388 1151 441 CONT.
1170 389 1202 440 Δ.
1224 389 1302 441 1189.

707 561 874 613 Recensio
894 561 918 612 1.
937 569 966 612 ct
984 559 1031 610 II.

314 667 518 756 imperatoris
541 663 669 730 Siculus
690 686 750 729 rex
770 662 954 729 inhibuerat
982 665 1152 730 transitum
1182 666 1370 750 peregrinis,
1392 687 1433 730 eo
1547 729 1550 754 ,

315 753 402 839 quod
430 753 534 816 victus
562 748 685 814 deforet
712 750 746 812 in
775 750 1007 830 transmarinis,
1034 758 1066 814 ct
1092 748 1178 834 quod
1206 771 1304 813 manu
1331 771 1436 835 parva

314 835 413 900 nichil
434 837 539 899 facere
560 844 692 918 possent
717 842 830 897 contra
855 855 999 918 paganos
1028 841 1102 897 ante
1123 833 1297 898 adventum
1318 857 1434 918 regum

315 921 514 987 diversorum
544 930 576 982 et
606 919 709 1002 ipsius
737 918 950 1002 imperatoris.
1047 917 1244 982 Iherusalem
1271 920 1371 981 muris
1399 929 1436 983 et

314 1004 456 1071 turribus
485 1002 673 1067 obfirmatur
700 1000 741 1064 ab
769 1001 902 1066 ethnicis
911 1011 934 1064 ⁸.
989 999 1201 1086 Sepulchrum
1232 1001 1432 1066 dominicum

315 1088 483 1154 clauditur.
517 1086 614 1166 Acra,
637 1107 710 1150 cum
732 1095 805 1170 post
819 1107 932 1149 necem
948 1084 1193 1150 christianorum
1212 1108 1270 1172 per
1285 1085 1432 1172 aliquotr

315 1184 442 1259 tempus
470 1170 596 1236 deserta
620 1168 801 1249 haberetur,
829 1178 941 1255 utpote
967 1169 1088 1234 fracta‘
1117 1178 1149 1233 et
1169 1169 1284 1252 diruta,
1313 1171 1430 1235 iterum

315 1258 357 1322 ab
380 1256 533 1322 ethnicisa
554 1253 758 1318 reedificatur
779 1264 811 1317 et
830 1252 1036 1318 inhabitatur.
1067 1252 1176 1318 Solam
1199 1253 1284 1319 Sur‘¹
1306 1264 1337 1319 et
1358 1254 1430 1318 Tri-

315 1340 415 1428 polim
437 1350 470 1404 et
489 1337 694 1402 Antiochiam
716 1345 748 1401 et
770 1336 901 1402 castella
921 1338 956 1401 in
970 1339 1129 1402 montanis
1143 1339 1250 1422 posita
1264 1337 1430 1404 christiani

315 1425 470 1510 optinent.
534 1421 677 1485 Marchio
700 1418 869 1486 (lunradus
891 1422 1017 1508 quietus
1039 1423 1073 1485 in
1085 1421 1168 1487 Sur(¹
1190 1445 1259 1487 esse
1281 1444 1342 1487 nec
1356 1445 1431 1486 con-

314 1507 425 1594 fligere
448 1529 522 1570 cum
543 1505 679 1653 paglanis
700 1507 819 1588 statuit,
840 1528 891 1586 ne,
914 1507 941 1570 si
963 1506 1124 1570 exercitus
1154 1528 1231 1570 suus
1284 1507 1431 1572 crimere·

315 1601 377 1674 tur,
400 1592 514 1656 civitas
536 1612 556 1654 a
577 1610 595 1652 c
618 1589 758 1654 ristianis
779 1589 941 1675 perditum
963 1592 1033 1655 iret.
1117 1591 1158 1654 Ιιι
1178 1613 1221 1653 na
1265 1591 1430 1655 eDomini

315 1675 345 1740 le
369 1676 414 1740 ati
436 1674 559 1739 soldani
581 1673 621 1738 dc
635 1673 795 1739 Leonio⁰·¹
812 1695 887 1737 cum
902 1675 1085 1760 quingentis
1100 1674 1189 1760 equis
1203 1675 1431 1761 imperatorem

315 1698 435 1824 adeunt
456 1757 541 1824 mille
562 1779 712 1840 numer03
735 1759 790 1842 qui
804 1757 912 1843 plures
927 1758 1000 1822 ideo
1015 1759 1104 1822 missi
1123 1769 1206 1837 sunt,
1222 1770 1310 1824 uteo
1325 1761 1430 1844 magis

316 1843 499 1908 crederetur
508 1843 558 1908 his
570 1863 652 1928 quae
663 1843 862 1906 nunciarent.
894 1842 1053 1908 Soldanus
1064 1842 1107 1906 ad
1117 1842 1296 1907 subsidium
1308 1844 1430 1908 itineris

316 1936 349 1993 et
374 1928 415 1992 ad
445 1949 539 2012 opem
560 1925 753 1990 indefessam
780 1927 963 2011 imperatori
986 1936 1018 1990 et
1047 1927 1202 1991 exercitui
1224 1928 1292 1991 eius
1319 1951 1353 1992 se
1374 1950 1430 1992 ex-

316 2013 456 2097 positum
483 2010 648 2075 mandavit
675 2018 707 2073 et
734 2011 849 2074 xeniaf
884 2013 914 2075 ei
941 2032 1040 2097 quam
1089 2009 1224 2074 lurimass
1244 2013 1430 2078 transmisit.

316 2095 463 2161 Aderant
472 2097 568 2160 etiam
577 2093 676 2179 legati
688 2094 929 2159 Servianensish
944 2095 1040 2180 regis.
1100 2104 1130 2159 st
1146 2096 1245 2158 enimi
1257 2095 1432 2160 Severian²

317 2189 402 2246 terra
424 2179 506 2244 inter
527 2180 697 2243 Ruteniam
724 2187 757 2242 et
776 2177 952 2264 Ungariam
974 2179 1090 2278 posita.
1137 2179 1196 2243 Isti
1217 2180 1251 2242 in
1272 2178 1432 2246 mandatis

317 2261 486 2344 habebant,
502 2285 611 2348 regem
626 2263 771 2347 ipsorum
786 2285 910 2326 summo
926 2262 1045 2348 gaudio
1059 2262 1208 2362 perfungi
1222 2284 1281 2349 pro
1292 2264 1433 2328 adventu
1497 2299 1499 2305 2
1549 2293 1550 2308 ι

317 2349 527 2433 imperatoris,
551 2356 582 2410 et
604 2345 691 2432 quod
712 2346 929 2410 Romanorum
951 2356 1121 2432 augustum
1145 2369 1179 2410 ιιι
1206 2349 1313 2432 specie
1341 2370 1433 2433 perc·
1548 2419 1550 2425 A

316 2432 401 2531 grini
415 2432 495 2516 perl
517 2440 635 2494 terram
650 2450 741 2493 suam
756 2431 961 2494 transiturum
978 2453 1012 2495 sc
1026 2430 1136 2495 videre
1158 2440 1310 2516 speraret,
1332 2431 1432 2496 nichil

316 2539 351 2580 1n
372 2515 433 2579 hac
453 2516 520 2579 vita
542 2515 710 2577 iocundius
731 2523 889 2598 reputare.
934 2513 985 2578 Ad
1008 2513 1069 2578 hoc
1092 2515 1219 2600 scripsit
1240 2517 1280 2597 ei,
1301 2514 1432 2581 nobilis-

319 2601 434 2664 simam
456 2599 586 2664 urbium
610 2618 741 2661 suarum
764 2620 798 2662 se
819 2597 861 2661 ad
884 2597 945 2662 hoc
972 2619 1154 2684 preparare,
1184 2601 1334 2685 quatinus
1357 2621 1433 2664 cum

317 2683 460 2747 maxima
471 2681 703 2768 sollempnitate
718 2703 790 2745 eum
805 2681 852 2745 ibi
863 2681 1012 2748 decenter
1029 2683 1203 2768 exciperet,
1226 2692 1257 2748 et
1274 2683 1313 2748 de
1325 2694 1432 2750 cetero

318 2763 416 2852 caput
436 2767 528 2851 regni
550 2767 601 2829 sui
628 2765 763 2831 eandem
794 2764 906 2831 urbem
928 2775 1077 2852 reputare
1105 2768 1160 2830 ac¹
1187 2766 1334 2832 libertate
1361 2791 1433 2834 eam

317 2851 437 2915 donare
470 2849 559 2915 velle.
618 2847 745 2930 Quibus
778 2849 917 2934 gloriose
949 2873 1042 2915 susce
1067 2851 1108 2915 tis
1141 2871 1179 2915 ac
1209 2854 1432 2936 remuneratis,

317 2933 445 3000 diversa
466 2933 551 2998 dona
570 2935 637 3019 regi
662 2955 771 2998 eorum
793 2935 924 3018 remisit,
951 2935 1034 3020 glori
1059 2955 1134 2998 cans
1156 2934 1275 3017 Deum,
1305 2936 1434 3022 quoda

317 3041 352 3084 re
375 3018 458 3100 ibus,
480 3039 560 3104 quos
576 3019 631 3083 vix
646 3039 800 3105 umquam
814 3021 973 3084 nominari
988 3018 1141 3099 audierat,
1156 3021 1238 3084 tanti
1251 3018 1432 3086 haberetur.

352 3041 538 3191 {Primam
561 3101 770 3189 expeditio
793 3101 866 3167 sub
888 3102 1105 3184 Friderico
1122 3104 1390 3192 imperatore}

263 3211 307 3244 er.
403 3185 441 3249 ln
463 3187 709 3272 quadragesima
740 3208 838 3254 naves
865 3186 1050 3252 undelibet¹¹
1079 3186 1289 3252 adventantes
1318 3197 1350 3252 et
1372 3187 1434 3253 sibi

316 3271 457 3335 invicem
480 3270 648 3357 copulatae
669 3269 749 3334 velis
779 3273 931 3356 oppansis
958 3273 1019 3336 iter
1045 3293 1240 3357 aequoreum
1268 3273 1433 3357 ingressae

316 3366 400 3421 sunt.
424 3356 514 3436 Quae
529 3364 602 3440 post
617 3355 727 3420 decem
743 3354 812 3418 dies
826 3354 1038 3440 navigationis
1051 3376 1127 3420 suae
1137 3365 1346 3441 prosperante
1357 3356 1435 3420 Deo

314 3448 418 3506 terrac
448 3439 556 3504 Sancti
586 3439 698 3504 Iacobi
724 3437 956 3524 applicuerunt.
1004 3439 1107 3506 Erant
1136 3441 1305 3524 sexaginta
1332 3461 1432 3504 naves

316 3545 358 3590 ex
386 3525 442 3606 eis,
471 3524 612 3588 virorum
639 3545 715 3588 vero
748 3533 963 3608 pugnatorum
992 3523 1033 3587 ad
1057 3522 1206 3589 remilia
1228 3534 1260 3589 et
1282 3523 1432 3611 amplius.

315 3608 448 3692 Egressi
469 3608 503 3671 in
524 3607 643 3688 arida0,
666 3607 708 3671 ad
731 3607 885 3673 Sanctum
906 3606 1060 3673 Iacobum
1092 3607 1260 3672 adoratum
1282 3617 1432 3694 pergunt.

316 3691 381 3757 Sed
403 3714 476 3755 cum
497 3691 584 3755 fama
603 3690 829 3756 nichilominus
857 3692 1098 3776 precurrnsetr,
1120 3713 1175 3756 eos
1205 3701 1303 3778 caput
1324 3692 1431 3757 sancti

314 3775 427 3840 Iacchi
448 3772 528 3839 velle
550 3775 696 3861 pervim
717 3775 852 3858 auferre,
867 3775 981 3840 timore
1001 3776 1066 3840 acti
1095 3775 1308 3861 provinciales
1336 3798 1391 3840 cos
1413 3797 1434 3840 a

316 3857 519 3945 Oonpcstelle
547 3858 645 3940 urbis,
683 3857 739 3924 ubi
770 3857 935 3944 apostolus
968 3859 1113 3944 quiescit,
1147 3860 1295 3946 ingressu
1323 3881 1433 3925 arcere

314 4009 454 4065 mochinius
469 4023 526 4055 corr.
541 4013 640 4053 ethnicis
656 4013 704 4054 Bl.
736 4009 760 4064 b)
776 4014 808 4053 tta
822 4013 872 4056 Aa.
889 4013 935 4056 Bt.
966 4011 987 4066 c)
1004 4016 1030 4054 ut
1044 3991 1161 4064 potonem
1177 4015 1221 4056 01.
1238 4015 1258 4054 2.
1287 4011 1434 4066 d)Sur’A2;

315 4070 371 4112 Suro
387 4072 430 4112 02.
505 4069 526 4123 o)
540 4072 572 4112 tta
584 4083 628 4122 pro
643 4073 724 4112 Iconio
739 4073 766 4115 Α.
782 4073 809 4115 Β.
826 4073 847 4114 0.
929 4071 1037 4124 oaxen.
1054 4073 1098 4115 02.
1162 4071 1435 4124 'g)dseatB1,pcciao
1549 4117 1550 4122 ¹

309 4130 383 4182 finita,
399 4136 417 4169 cr
432 4130 488 4181 323
508 4131 532 4171 et
546 4141 638 4181 quoquc
652 4132 693 4172 Fr.
752 4129 776 4182 h)
790 4130 936 4174 Serviasnsts
951 4131 1000 4174 At.
1076 4130 1095 4184 t)
1110 4135 1189 4174 autem
1208 4131 1257 4184 Aa,
1273 4133 1310 4170 ati
1324 4131 1433 4173 servias.

314 4187 339 4241 k)
355 4189 380 4230 in
397 4190 440 4232 ot.
502 4189 520 4243 1)
535 4190 580 4230 hae
595 4192 623 4241 σς
640 4194 663 4232 ct
677 4191 721 4231 hac
737 4191 757 4228 B
767 4192 787 4230 1.
853 4189 884 4243 ιιι)
899 4191 931 4230 tto
947 4192 987 4230 Bl
1002 4192 1027 4231 tn
1041 4201 1110 4241 marp.
1126 4196 1145 4231 st
1158 4191 1206 4235 Bt.
1253 4191 1277 4244 n)
1286 4191 1435 4232 tantumlibet

316 4248 585 4300 01.s;und1qu0131.
647 4249 669 4300 o)
685 4250 774 4289 aridam
790 4249 810 4288 A
821 4251 841 4291 2.
900 4248 924 4302 p)
940 4251 1123 4300 peronensi-isset
1138 4252 1181 4294 Ol.

316 4377 344 4448 1)
358 4383 450 4436 Iconio
469 4383 682 4452 repentaneus,
697 4382 794 4448 probat
815 4383 886 4438 mat
899 4378 992 4438 doubt.
1011 4399 1032 4434 c.
1052 4382 1096 4446 31,
1109 4398 1141 4448 p.
1152 4383 1231 4434 319.'
1278 4379 1308 4447 2)
1328 4377 1432 4433 Servio.
