3122 4978
283 353 336 404 222
388 351 576 405 ennomus
595 351 708 403 neela
729 350 984 403 communale.
1005 351 1108 404 CONT.
1122 351 1176 405 111.
1195 351 1228 405 A.
1244 352 1324 404 1205.

656 523 826 576 Bcceasio
847 524 871 576 Ι.
891 526 983 577 codd.
1005 524 1033 576 0.

285 619 425 675 castrum
447 610 526 695 ipsis
549 609 732 694 oppositum
746 610 963 694 -sagittarii
985 611 1126 674 enimin
1148 610 1244 675 domo
1266 611 1406 710 predicti

284 695 410 759 comitis
428 693 536 757 Adolfi
558 692 721 756 constituti
744 705 838 756 curna
860 717 894 759 se
921 697 969 759 ins
992 695 1115 780 sagittis
1138 696 1205 760 suis
1228 717 1282 760 eos
1304 718 1405 781 rmpe-

283 789 387 843 terent
401 788 433 842 ct
455 776 624 842 maledicta
646 787 678 840 et
700 779 846 842 convicia
874 717 1012 864 plurima
1034 779 1220 865 proferrent,
1242 819 1285 830 -
1306 800 1405 844 naves

284 863 443 928 maximas
477 884 550 926 cum
583 862 834 946 propugnaculis
870 865 904 926 in
937 864 1043 928 medio
1073 864 1164 928 Reno
1197 874 1341 929 statuunt
1359 872 1406 938 ,et

283 945 465 1011 balistarios
487 958 519 1011 et
540 946 731 1028 sariantosl,
754 948 811 1032 qui
832 945 894 1010 illis
916 948 1085 1012 infaciem
1107 948 1232 1012 fortiter
1245 949 1405 1030 resistant,

190 1070 192 1076 ,
283 1029 439 1117 plurimos
471 1030 680 1097 constituunt.
731 1029 838 1094 Naves
870 1031 966 1095 etiam
1003 1031 1081 1095 alias
1114 1033 1309 1114 instaurant,
1347 1053 1406 1117 per

284 1137 364 1201 quas
386 1116 494 1200 sepius
517 1113 691 1177 transvecti
718 1114 855 1179 eundern
878 1118 1027 1180 comitem
1050 1125 1082 1181 et
1103 1137 1178 1180 suos
1206 1117 1405 1201 inpugnant,

283 1198 375 1263 villas
399 1220 462 1284 quo
487 1221 527 1262 ue
556 1218 653 1282 super
678 1194 754 1262 litus
777 1199 858 1262 Reni
879 1199 957 1263 sitas
978 1201 1041 1286 ipsi
1062 1199 1208 1265 subditas
1229 1201 1350 1286 rapinis
1372 1211 1406 1266 et

283 1282 434 1347 incendio
464 1220 649 1362 devastant3
682 1291 714 1344 et
747 1282 795 1345 sic
827 1304 886 1368 per
913 1306 1033 1347 annum
1063 1295 1095 1348 et
1123 1284 1291 1348 dimidium
1313 1285 1405 1349 vario

284 1377 402 1432 eventu
425 1365 520 1429 simul
542 1363 718 1448 confligunt
740 1376 772 1431 et
793 1365 976 1432 dimicant⁰.

182 1477 239 1526 sepe.
252 1478 274 1517 s.
368 1451 446 1514 Post
475 1450 673 1513 nativitatem
709 1471 785 1513 vero
823 1450 935 1516 beatae
970 1451 1092 1516 Mariae
1123 1451 1292 1538 Philippus
1327 1474 1404 1533 rex,

287 1535 431 1598 maximo
454 1534 598 1597 exercitu
621 1543 825 1617 congregato,
847 1535 1014 1598 Mosellam
1037 1537 1192 1612 transivit,
1216 1537 1301 1601 etin
1322 1535 1405 1599 festo

170 1617 389 1694 &praesancti
416 1616 583 1682 Michaelis
621 1617 806 1701 archangeli
827 1627 901 1684 ante
933 1621 1040 1684 menia
1078 1620 1216 1684 civitatis
1250 1618 1405 1686 Coloniae

172 1716 230 1766 Set·
239 1717 277 1759 ³⁰·
285 1703 427 1783 veniens,
461 1723 531 1766 earn
554 1704 745 1786 impugnare
768 1704 863 1789 cepit.
908 1705 1061 1789 Sequenti
1083 1727 1161 1768 vero
1183 1704 1235 1768 die
1257 1705 1290 1767 in
1312 1726 1405 1789 supe-

285 1787 362 1850 riori
384 1795 476 1871 parte
505 1785 641 1851 civitatis
670 1788 806 1851 tentoria
836 1809 894 1850 sua
914 1787 986 1872 figit
1020 1797 1051 1852 et
1077 1798 1145 1853 tota
1174 1789 1225 1852 die
1251 1787 1306 1852 illa
1333 1810 1405 1852 eam

285 1871 454 1956 impugnat
481 1882 514 1934 et
545 1871 679 1955 impetit.
734 1871 795 1934 His
827 1882 934 1935 autem
965 1873 1020 1959 qui
1049 1873 1135 1937 intus
1164 1883 1254 1937 erant
1281 1872 1406 1937 fortiter

283 1954 536 2040 repugnantibus
558 1965 589 2018 et
603 1954 795 2018 adversariis
814 1955 947 2020 viriliter
966 1956 1286 2039 resistentibusflDeo
1309 1957 1405 2021 etiam

284 2062 343 2126 per
365 2039 479 2104 merita
510 2048 704 2119 sanctorum,
733 2060 869 2125 quorum
897 2061 1033 2125 corpora
1058 2042 1092 2104 in
1121 2063 1160 2106 ea
1186 2043 1405 2127 requiescunt,

285 2127 389 2210 ipsam
416 2131 614 2208 protegente,
637 2121 735 2186 nichil
762 2123 808 2188 ibi
834 2121 994 2189 laudabile
1022 2127 1131 2211 gessit,
1161 2125 1218 2190 sed
1246 2146 1319 2188 cum
1346 2147 1406 2210 per

285 2207 392 2272 hdies
414 2228 486 2271 eam
508 2206 686 2291 impetisset
707 2216 739 2271 et
761 2208 939 2272 maximum
961 2209 1138 2295 dampnum
1160 2231 1292 2273 suorum
1313 2229 1404 2272 acce·

284 2293 394 2378 pisset,
429 2301 496 2354 tarn
524 2291 558 2353 in
591 2292 738 2376 captione
772 2314 868 2378 quam
898 2295 932 2355 in
964 2294 1145 2358 occisioned
1181 2291 1339 2357 nobilium
1373 2303 1405 2356 et

283 2378 425 2439 maxime
448 2396 614 2461 equorum,
644 2397 780 2461 quorum
806 2377 950 2440 maxima
972 2377 1142 2442 multitudo
1169 2377 1215 2442 ihi
1244 2386 1405 2463 prostrata

283 2460 356 2542 fuit,
383 2457 495 2524 relicta
516 2458 683 2523 obsidione
705 2459 827 2524 recedit
855 2468 981 2523 etcum
1008 2463 1157 2527 universo
1187 2463 1331 2526 exercitu
1361 2459 1404 2528 ad

285 2542 536 2629 expugnandam
558 2543 692 2606 Nusiam
714 2543 869 2629 procedit.
914 2545 1020 2625 Quam
1050 2568 1124 2610 cum
1151 2546 1269 2612 acriter
1298 2546 1403 2631 impu-

284 2638 408 2713 gnaret,
431 2624 477 2689 illi
491 2626 531 2690 de
547 2630 613 2691 suis
628 2625 750 2690 viribus
765 2627 956 2710 diffidentes,
978 2629 1012 2692 in
1027 2630 1221 2696 deditionem
1236 2639 1403 2711 venerunt,

285 2713 448 2777 civitatem
476 2712 544 2774 eius
571 2721 722 2797 precepto
744 2710 863 2775 Adolfo
891 2714 1043 2800 episcopo
1065 2714 1266 2778 tradiderunt
1295 2725 1328 2779 et
1349 2712 1404 2777 ob-

285 2795 409 2861 sidibus
440 2795 471 2858 ei
498 2794 582 2860 datis
616 2796 735 2859 servire
768 2796 1015 2882 promiserunt1.
1058 2798 1132 2862 Hiis
1154 2799 1265 2883 gestis,
1302 2806 1403 2862 totam

283 2890 401 2945 terram
423 2875 511 2942 illam
532 2879 775 2960 concremando,
797 2879 978 2966 diripiendo
1001 2885 1182 2968 pertransit,
1212 2891 1243 2948 et
1265 2881 1349 2945 sicut
1370 2883 1404 2946 in

649 3058 814 3112 Beceasio
833 3061 875 3116 ΙΙ.
895 3063 990 3115 codd.
1010 3061 1043 3114 Β.

373 3152 439 3204 Post
457 3153 624 3222 nativitatem
643 3168 707 3202 vero
728 3154 806 3204 beate
819 3155 905 3204 Maris
918 3155 1065 3222 Phylippus
1078 3171 1134 3217 rex,
1154 3156 1269 3206 maximo
1284 3157 1404 3207 exercitu

288 3232 460 3291 congregato,
479 3225 619 3276 Mosellam
638 3227 769 3290 transivit,
790 3233 817 3278 et
830 3229 859 3277 in
878 3228 946 3278 festo
966 3229 1052 3279 sancti
1065 3228 1233 3294 Mychahelis
1247 3229 1404 3294 archangeli

288 3307 351 3351 ante
370 3301 459 3350 menia
479 3301 594 3349 civitatis
615 3298 727 3349 Colonia
753 3302 873 3364 veniens,
899 3317 958 3351 eam
978 3305 1126 3367 inpugnare
1152 3303 1233 3368 cepit.
1273 3302 1403 3367 Sequenti

286 3389 350 3424 vero
376 3373 419 3442 die
444 3374 472 3422 in
496 3372 625 3442 superiori
645 3381 720 3438 parte
741 3374 856 3425 civitatis
875 3376 992 3426 tentoria
1010 3390 1059 3424 sua
1077 3374 1143 3439 figit,
1169 3382 1197 3425 et
1215 3379 1272 3425 tota
1292 3375 1336 3426 die
1355 3375 1403 3425 illa

287 3463 346 3498 eam
365 3449 506 3511 impugnat
525 3450 552 3495 et
579 3446 692 3511 impetit.
730 3447 781 3497 His
800 3454 890 3498 antem
920 3449 966 3513 qui
988 3450 1079 3498 intuse
1098 3454 1175 3498 erant
1197 3448 1301 3498 fortiter
1325 3463 1403 3515 repu-

285 3521 429 3586 gnantibus
450 3524 477 3568 et
494 3519 655 3570 adversariis
666 3518 778 3569 viriliter
796 3521 995 3582 resistentibus,
1019 3537 1079 3571 cnm
1098 3537 1146 3588 per
1164 3523 1181 3570 h
1198 3521 1256 3591 dies
1275 3537 1335 3571 eam
1353 3523 1402 3572 im·

285 3600 391 3663 peteret
422 3599 456 3643 et
487 3591 602 3644 nichil
633 3593 844 3657 proficeret,
879 3597 927 3644 sed
960 3595 1102 3644 maximum
1127 3593 1272 3660 dampnum
1295 3610 1402 3646 suorum

285 3670 414 3734 precipue
435 3681 561 3731 equorum
585 3665 685 3715 ibidem
712 3668 857 3732 acciperet,
883 3666 978 3718 relicta
1003 3666 1142 3718 obsidione
1166 3666 1271 3718 recedit
1296 3675 1402 3718 etcum

287 3741 413 3792 universo
446 3740 564 3788 exercitu
596 3738 630 3786 ad
663 3740 867 3804 expugnandam
898 3741 1010 3792 aniam
1041 3739 1173 3806 procedit.
1223 3741 1310 3802 Quam
1342 3739 1403 3792 cnm

286 3814 384 3864 acriter
401 3811 583 3878 impugnaret,
596 3811 637 3860 illi
657 3810 691 3860 de
709 3813 809 3864 viribus
829 3815 883 3866 suis
903 3813 1065 3876 diffidentes,
1084 3814 1111 3864 in
1132 3813 1301 3865 dedicionem
1320 3831 1401 3866 vene·

285 3893 355 3947 runt,
384 3886 520 3935 civitatem
541 3886 598 3934 eius
619 3891 746 3950 precepto
764 3885 862 3940 ridolto
883 3889 1010 3954 episcopo
1030 3886 1197 3938 tradiderunt
1216 3894 1244 3937 et
1262 3885 1401 3939 obsidibus

287 3961 312 4010 ei
339 3958 409 4008 datis
428 3959 527 4009 servire
547 3959 732 4024 promiserunt.
770 3959 820 4010 His
846 3963 939 4026 gestis,
963 3966 1047 4012 totam
1073 3965 1171 4010 terram
1196 3961 1401 4022 concremando,

287 4031 464 4095 devastando,
483 4032 673 4098 pertransiens,
694 4032 843 4085 recedit.

286 4176 310 4229 ι)
327 4178 382 4218 uem
398 4178 440 4218 01.
502 4175 526 4228 b)
543 4177 656 4218 sanantes
673 4179 717 4220 01.
780 4176 801 4228 e)
817 4180 915 4228 reputer
935 4179 1015 4230 effigies
1034 4178 1130 4229 erasm
1148 4179 1213 4230 reato,
1234 4178 1290 4218 hanc
1308 4178 1400 4228 mutip-

285 4239 364 4278 tr'omm
376 4248 433 4287 prae
447 4237 568 4288 essaeus:
582 4236 744 4278 PHILIPPUS
759 4238 876 4280 REX02.
907 4235 1123 4289 d)occsslone01.
1154 4235 1228 4289 e)lnt'
1244 4234 1400 4290 (inserpat.

288 4369 317 4436 1)
338 4367 378 4435 ty.
398 4369 470 4422 Orat.
492 4368 532 4433 II,
550 4385 636 4436 aspra
651 4386 680 4436 p.
704 4369 764 4420 178.
