3122 4978
165 369 355 422 CHRONIOA
367 369 482 422 REGIA
496 369 749 424 COLONIENSIS.
770 370 872 422 CONT.
883 372 921 422 11.
939 371 972 422 A.
986 372 1065 424 121³.
1077 372 1157 423 1214.
1197 372 1247 422 191

129 538 205 626 quia
226 559 245 601 a
260 537 367 602 seculo
381 537 537 604 inaudita.
580 537 678 603 Circa
692 559 791 624 pasca
806 539 891 602 enim
911 548 943 603 et
964 539 1193 624 penthecosten
1208 562 1249 605 ex
1259 572 1344 624 aar,
1355 595 1382 606 -

130 621 217 687 omni
246 620 428 687 Theutonia
455 629 487 686 et
508 622 656 697 Francia,
678 620 764 686 nullo
792 620 939 688 hortante
965 644 1026 687 nec
1054 623 1248 709 predicante,
1259 632 1309 674 Μ·
1318 633 1339 674 ²·

130 707 239 770 nescio
262 727 326 792 quo
348 706 462 790 spiritu
483 707 558 788 acti,
588 704 689 771 multa
715 705 804 769 milia
824 727 1000 792 puerorum
1022 729 1041 772 a
1062 710 1083 773 6
1104 709 1250 775 annis'et

130 812 228 876 supra
244 811 346 875 usque
364 789 405 852 ad
422 788 546 853 virilem
563 798 690 871 etatem,
711 790 818 855 invitis
835 790 1032 877 parentibus,
1056 793 1202 878 cognatis
1217 802 1250 859 et

128 875 241 938 amicis
263 872 527 955 retrahentibus⁸,
556 872 688 960 quidam
710 882 816 939 aratra
835 873 888 939 vel
911 895 1021 939 currus
1044 897 1125 961 quos
1147 875 1248 941 mina-

129 958 215 1040 bant,
242 956 297 1021 alii
318 979 437 1043 peoora
458 979 521 1043 que
543 957 729 1042 pascebant,
757 956 810 1024 vel
835 959 863 1023 si
892 979 956 1045 qua
977 958 1062 1023 aliab
1089 959 1251 1027 habebant
1322 1025 1327 1036 ,

128 1064 186 1127 pre
202 1039 360 1124 manibus,
382 1040 607 1128 relinquentes,
629 1041 734 1108 subito
749 1063 833 1108 unus
848 1053 922 1128 post
937 1042 1033 1108 alium
1055 1055 1249 1128 currentes0,

129 1127 276 1191 crucibus
298 1147 333 1190 se
354 1127 578 1212 signaverunt3
602 1127 711 1213 sicque
733 1148 791 1212 per
801 1127 936 1211 vigenos
959 1138 991 1192 et
1005 1129 1249 1214 quinquagenos

129 1209 179 1275 vel
201 1220 351 1275 centenos
374 1211 488 1275 erectis
502 1209 629 1274 vexillis
643 1232 754 1275 versus
769 1209 1009 1276 lherosolimam
1024 1213 1071 1277 ire
1086 1234 1123 1276 ce
1147 1222 1248 1278 erunt.

129 1292 277 1379 Cumque
298 1316 318 1358 a
340 1292 449 1358 multis
464 1294 711 1380 inquirerentur,
734 1295 825 1359 cuius
842 1294 986 1376 consilio,
1007 1296 1100 1360 cuius
1121 1235 1249 1361 hortatu

128 1378 203 1442 huic
215 1379 268 1443 vie
284 1400 318 1442 se
333 1400 375 1443 ex
401 1379 569 1458 osuissent,
593 1379 761 1465 presertim
777 1389 850 1443 cum
868 1390 941 1444 ante
955 1377 1125 1444 nonnullos
1147 1401 1247 1445 annos

127 1485 162 1527 re
186 1484 221 1527 es
243 1462 345 1544 multi,
376 1401 474 1528 duces
500 1461 641 1562 plurimi,
692 1462 781 1548 opuli
809 1463 1058 1528 innumerabiles
1089 1465 1124 1527 in
1151 1485 1249 1529 manu

112 1483 234 1612 'valida
267 1545 344 1610 illuc
400 1557 599 1612 ervementes
633 1485 752 1613 inibcto
790 1549 919 1632 negotio
951 1549 1073 1612 reversi
1104 1549 1248 1631 fuissent,
1337 1554 1339 1557 ’

128 1632 216 1718 ipsos
239 1650 316 1694 vero
339 1569 445 1695 adhuc
473 1639 556 1696 etate
585 1630 702 1716 puerili
728 1653 788 1697 nec
814 1632 914 1697 robur
941 1653 1000 1696 nec
1023 1633 1106 1696 vires
1129 1632 1171 1696 ad
1192 1631 1248 1696 ali-

128 1714 206 1803 quid
229 1715 389 1799 agendum
415 1713 534 1780 hahere
565 1725 596 1780 et
623 1715 698 1781 ideo
725 1715 819 1780 stulte
847 1726 879 1780 et
904 1715 1028 1802 absque
1056 1716 1247 1785 discretione

127 1799 190 1865 hoc
212 1799 332 1863 factum
361 1808 460 1864 attem
485 1809 589 1864 tatum
621 1798 662 1864 ab
693 1801 841 1864 omnibus
870 1798 1076 1881 iudicaretur,
1107 1799 1249 1865 breviter

127 1883 375 1969 responderunt:
404 1884 439 1946 in
462 1822 529 1948 hoc
551 1906 584 1948 se
607 1886 698 1948 nutui
717 1905 833 1984 parere
855 1882 964 1948 divino
994 1894 1026 1949 et
1046 1883 1130 1967 ideo,
1161 1885 1247 1970 quic·

129 1968 206 2054 quid
227 1968 320 2032 Deus
343 1967 383 2032 de
411 1969 457 2031 eis
484 1968 555 2030 fieri
576 1966 682 2048 vellet,
715 1969 779 2053 rpsi
804 1966 917 2033 libenti
944 1989 982 2032 ac
1010 1989 1112 2054 prono
1141 1969 1249 2032 animo

128 2052 332 2117 sustinerent.
377 2050 496 2137 Sioque
518 2050 716 2137 aliquantum
743 2054 795 2116 vie
822 2052 994 2137 progressi,
1030 2051 1159 2138 quidam
1181 2053 1249 2116 Ma·

127 2137 248 2222 guntie,
271 2134 404 2222 quidam
425 2135 599 2218 Placentia,
622 2134 753 2237 quidam
775 2157 851 2200 vero
870 2136 970 2201 llome
991 2133 1249 2219 revertebantur3

125 2219 179 2285 alii
206 2241 283 2284 vero
305 2219 481 2285 Massiliam
511 2230 745 2305 pervenrentes,
777 2231 885 2285 utrum
907 2220 1112 2285 transierintd
1136 2241 1247 2301 neone,

127 2303 179 2370 vel
201 2304 273 2390 quis
295 2303 368 2367 finis
390 2317 500 2369 eorum
523 2304 628 2385 fuerit,
656 2305 813 2368 incertum
835 2302 985 2386 habetur;
1014 2326 1113 2368 unum
1141 2315 1248 2369 tamen

129 2397 262 2471 constat,
285 2389 361 2474 quia
382 2410 424 2452 ex
447 2387 555 2453 multis
577 2387 718 2468 milibus,
749 2390 805 2474 qui
827 2387 1046 2470 ascenderant,
1073 2389 1130 2452 vix
1152 2388 1249 2474 pauci

126 2474 248 2539 reversi
270 2481 353 2537 sunt.

363 2555 459 2620 Anno
483 2555 644 2622 dominice
665 2556 892 2622 incarnationis
917 2554 1008 2620 1214.

212 2641 252 2705 In
283 2639 405 2727 pascha
433 2640 616 2706 Fridericus
649 2663 708 2705 rex
739 2640 828 2726 apud
858 2637 1094 2705 Confluentiam
1124 2641 1247 2704 curiam
1257 2663 1368 2705 maso.

128 2724 251 2807 habuit,
284 2723 340 2789 ubi
367 2725 530 2811 principes
561 2747 680 2806 omnes,
714 2746 849 2811 quorum
879 2723 1009 2810 plurimi
1040 2724 1247 2808 advenerant,

128 2809 366 2896 expeditionem
388 2808 587 2895 Aquisgrani
608 2810 713 2874 iurare
739 2807 817 2874 fecit
842 2818 916 2894 post
962 2818 1145 2875 enteoosten
1168 2808 1248 2874 cele-

127 2893 294 2963 brandam.
337 2894 377 2958 In
400 2894 647 2979 quadragesima
670 2892 799 2978 quidam
823 2916 865 2958 ex
887 2829 1134 2958 Oolbniensibus
1157 2891 1247 2958 Otto·

126 3001 212 3043 nem-
229 2977 512 3043 Monasteriensem
540 2978 737 3063 episcopum,
763 2976 853 3124 {adt}
881 2977 946 3041 iam
978 2977 1096 3042 dictam
1126 2979 1247 3041 curiam

127 3063 257 3144 iturum,
285 3063 319 3126 in
341 3062 412 3147 ipsa
434 3061 562 3126 civitate
585 3060 721 3126 Colonia
741 3082 761 3124 a
809 3061 959 3125 Sanctam
981 3062 1248 3146 Mariam-ingra-

128 3147 223 3212 dibus
256 3155 420 3233 cepenmt,
453 3156 647 3231 captumque
678 3144 791 3210 Ottoni
821 3146 1010 3229 imperatori
1037 3143 1246 3227 tradiderunt,

129 3233 184 3318 qui
206 3253 240 3296 se
263 3253 301 3296 eo
324 3241 467 3315 tempore
495 3230 580 3316 apud
604 3238 742 3294 castrum
765 3227 927 3295 Werdene
949 3228 1133 3310 tuebatur13
1162 3229 1247 3292 unde

126 3320 199 3402 ipsa
221 3315 334 3380 civitas
357 3314 682 3380 excommunicationi
704 3311 874 3378 subiacuit.

211 3400 250 3464 ln
264 3400 380 3464 Martio
395 3397 552 3463 Iohannes
567 3421 626 3462 rex
637 3395 753 3483 Anglie
769 3418 843 3461 cum
858 3397 1003 3461 exercitu
1018 3417 1135 3482 magno
1149 3417 1191 3481 ap
1216 3417 1247 3460 a·

126 3492 262 3569 ratuque
275 3484 400 3569 ingenti
414 3482 585 3547 Franciam
600 3483 774 3567 ingressus,
797 3478 884 3567 apud
899 3480 1079 3544 Pictavium
1094 3419 1247 3563 consedit,

125 3569 232 3650 urbes,
265 3566 404 3649 castella,
438 3567 581 3631 civitates
604 3576 636 3631 et
665 3568 781 3647 omnia,
812 3586 909 3650 super
931 3563 1047 3651 quibus
1076 3565 1146 3650 ipse
1173 3585 1247 3629 oum

127 3675 203 3738 rege
217 3653 354 3716 Franoie
375 3652 439 3714 iam
455 3649 556 3716 multo
572 3661 716 3736 tempore
731 3651 808 3714 satis
823 3650 939 3714 acriter
953 3646 1121 3714 altercatus
1135 3648 1248 3732 fuerat,

126 3747 275 3886 patienter
296 3736 428 3884 recdepit,
457 3735 660 3821 confisusque
688 3733 927 3798 infortitudine
950 3754 1017 3815 sua,
1049 3731 1249 3821 aliquamdiu

125 3844 136 3884 r
162 3821 173 3884 i
196 3842 247 3886 em
269 3841 338 3885 rese
362 3822 396 3884 it.

210 3904 416 3970 Innocentius
437 3925 523 3990 papa
541 3901 760 3989 interpellatus
775 3924 795 3966 a
809 3925 885 3988 rege
908 3911 940 3967 et
960 3902 1142 3988 patriarcha
1162 3902 1248 3967 Iero-

127 4066 151 4119 ι)
178 4072 202 4110 et
223 4068 282 4110 trah.
303 4067 351 4108 At.
441 4064 466 4117 b)
488 4067 536 4107 alla
559 4077 604 4116 que
625 4064 674 4107 At.
765 4063 787 4118 c)
810 4066 956 4106 currentibus
978 4077 1035 4105 corr.
1059 4069 1178 4106 curreutes
1199 4065 1247 4106 ΑΒ.

127 4125 151 4179 d)
169 4129 312 4169 transierunt
328 4126 375 4166 At.
437 4125 459 4178 e)
475 4127 531 4166 deest
548 4126 596 4166 At.

130 4259 158 4325 1)
182 4259 240 4312 Otto
252 4276 277 4310 α.
290 4260 370 4309 1213.
390 4259 418 4308 ia
439 4267 524 4310 castro
544 4258 654 4311 Werden
674 4265 847 4310 commoratus
866 4265 919 4317 cst,·
943 4265 967 4308 et
985 4256 1014 4307 irs
1030 4256 1078 4308 hcc
1098 4273 1169 4308 anno
1190 4254 1248 4322 (sed

127 4332 216 4385 inicus
244 4341 320 4397 recte,
347 4341 377 4382 ut
404 4331 525 4393 videtum
553 4332 587 4397 cf.
616 4331 693 4398 infra
725 4348 751 4382 a.
774 4328 857 4397 1215)
889 4329 1002 4396 episcopi
1030 4328 1248 4381 Monasteriensa'a

125 4406 273 4474 captionem
287 4404 371 4473 pooit'
387 4403 458 4458 Ooat.
480 4404 538 4457 ΙΙΙ.
