3122 4978
258 418 444 471 CHRONIOA
465 420 579 473 Radia
600 421 851 476 COLONIENSIS.
872 422 975 476 CONT.
996 424 1028 476 A.
1051 424 1130 478 1189.
1208 428 1260 480 145

542 594 711 646 Recensio
730 593 755 646 Ι.
775 603 799 646 et
818 594 860 644 II.

143 700 250 743 comes
272 678 312 742 de
326 678 447 743 Monte.
490 678 612 744 Habita
634 689 682 744 est
704 681 801 745 etiam
823 680 869 745 ibi
891 681 933 745 ab
955 683 1147 768 imperatore
1171 684 1260 747 curia

142 764 177 828 in
197 761 274 827 villa
304 785 386 848 quae
409 761 584 848 Beigrave¹
616 764 743 845 dioimr,
777 764 819 829 ad
851 786 950 851 quam
983 766 1046 830 duo
1074 764 1197 831 nobiles
1219 767 1260 831 de

142 845 268 912 Alsatia
289 869 348 932 pro
371 845 490 912 violata
517 869 599 933 pace
629 847 776 913 decollati
799 862 881 913 sunt.
924 850 1066 915 Profecti
1095 850 1135 915 de
1157 851 1259 914 Brun-

142 930 236 995 dusio
251 931 453 996 intraverunt
466 932 545 997 fines
564 931 810 1017 Bulgarorumt,
827 934 882 1020 qui
904 935 1048 1020 ingenita
1063 934 1126 998 sibi
1146 933 1259 999 fraude

142 1014 300 1080 hostiliter
322 1037 376 1080 eos
404 1038 502 1142 supra
529 1017 714 1101 opinionem
737 1029 942 1164 exceperunt,
975 1017 1045 1083 telis
1075 1040 1130 1082 eos
1158 1028 1190 1084 et
1212 1040 1260 1083 sa·

167 1101 233 1164 ittis
247 1097 440 1165 lacessentes
477 1111 509 1165 et
525 1099 699 1164 inhumana
715 1101 812 1164 crude
825 1102 902 1166 itate
915 1103 1016 1167 ineos
1032 1099 1260 1168 debachantes.

143 1121 283 1270 {aptum
306 1185 392 1248 enim
437 1183 576 1248 uendam
599 1185 700 1249 civem
723 1185 911 1270 Aquensem
932 1184 1007 1284 palo
1053 1207 1088 1250 er
1110 1187 1260 1252 intestina

143 1267 382 1334 transfixerunt.
415 1207 521 1333 (llnde
550 1291 593 1332 ex
619 1269 665 1332 eis
694 1269 835 1355 quinque
865 1281 952 1356 oaptr
978 1209 1134 1355 probrose
1164 1271 1260 1336 etiam

144 1353 294 1438 suspensi
315 1362 398 1417 sunt.
442 1353 652 1417 Transierunt
680 1363 787 1417 autem
808 1353 996 1440 Bulgariam
1025 1375 1150 1418 summo
1172 1365 1260 1419 metu

144 1444 176 1500 et
196 1435 357 1522 periculo,
381 1445 532 1523 eratque⁰
555 1458 681 1523 semper
706 1437 740 1501 in
766 1438 869 1503 fronte
896 1439 1056 1503 exercitus
1076 1438 1260 1502 Friderious

144 1519 213 1584 dux
236 1519 383 1602 Sueviae,
414 1542 527 1585 currus
548 1541 625 1584 vero
655 1531 687 1586 et
713 1520 776 1586 alia
797 1521 945 1586 vehicula
971 1532 1056 1588 retro
1084 1522 1261 1608 agebantur

145 1626 219 1668 cum
252 1605 440 1669 custodiisl.
494 1606 584 1669 lntra
611 1605 799 1691 Bulgariam
833 1615 992 1670 venerunt
1022 1605 1065 1670 ad
1098 1607 1260 1671 civitatem

143 1689 273 1752 nomine
295 1688 461 1770 Niceam²,
497 1688 554 1754 ubi
585 1691 736 1775 princeps
769 1689 873 1755 dictus
904 1689 993 1756 Serf³
1030 1712 1104 1754 cum
1135 1711 1260 1754 summo

167 1773 264 1837 audio
291 1774 518 1871 imperatorem
544 1775 681 1858 excepit,
711 1773 793 1838 datis
823 1775 852 1838 ei
880 1772 1040 1838 nonnullis
1063 1773 1165 1840 donis.
1208 1771 1260 1838 Ab

144 1795 206 1921 ios
232 1855 303 1920 loco
331 1867 505 1941 rmperator
530 1856 654 1941 legatos
680 1857 722 1921 ad
748 1880 857 1942 regem
884 1857 1023 1922 Greciae
1050 1859 1146 1940 misit,
1169 1857 1261 1923 Heri-

145 1951 320 2004 mannum⁰
343 1941 627 2006 Monasteriensem
658 1943 857 2027 episcopum,
886 1941 1084 2027 Rupertumr
1111 1943 1261 2008 comitem

145 2024 186 2088 de
212 2024 365 2089 Nassowe
392 2035 424 2090 et
451 2025 601 2090 comitem
632 2025 817 2089 Walravum
845 2047 919 2090 oum
946 2025 1009 2090 500
1038 2027 1201 2112 equitibus
1230 2036 1262 2091 et

145 2129 257 2172 eorum
279 2117 435 2195 apparatu
457 2131 515 2196 pro
537 2130 617 2195 pace
640 2119 672 2173 et
692 2109 852 2174 conductu
880 2131 940 2196 per
967 2119 1085 2174 terram
1116 2131 1208 2173 auam
1231 2119 1263 2174 et

147 2201 300 2257 mercatu.
355 2193 445 2273 Quos
480 2192 533 2258 iile
569 2193 699 2278 quidem
731 2193 869 2278 benigne
901 2195 1046 2278 suscepit
1075 2203 1261 2279 septemque

148 2276 262 2341 diebus
284 2277 418 2362 pacifice
441 2279 475 2340 in
498 2275 775 2363 Constantinopoli
796 2278 908 2356 tenuit,
938 2276 995 2341 sed
1017 2285 1132 2341 octavo
1154 2277 1206 2342 die
1228 2279 1263 2340 in

148 2381 309 2426 carcerem
330 2361 414 2425 mitti
436 2361 538 2442 iussit,
569 2359 626 2425 ubi
648 2372 680 2427 et
701 2382 817 2447 aspera
843 2360 944 2425 madia
973 2362 1156 2426 contraius
1178 2361 1262 2446 lega-

145 2453 249 2510 torum
272 2445 360 2531 passi
384 2455 467 2510 sunt
510 2447 690 2531 Imperator
716 2455 823 2510 autem
851 2467 925 2510 cum
951 2447 1016 2508 suis
1043 2444 1262 2531 progrediens,

144 2529 287 2594 venitin
318 2529 477 2594 civitatem
507 2531 636 2594 nomine
660 2528 794 2594 Straleiz
802 2541 824 2584 ὅ·
833 2539 856 2593 ⁴.
900 2527 1033 2613 Bulgari
1059 2551 1135 2593 vero
1158 2529 1261 2595 tribus

142 2613 243 2676 muria
265 2611 450 2698 singillatim
472 2614 513 2679 ab
529 2615 666 2678 invicem
682 2613 795 2713 positis
809 2615 870 2678 iter
884 2635 996 2678 eorum
1010 2620 1261 2698 prestruxerant,

143 2697 330 2762 estimantes
353 2720 387 2762 se
409 2719 463 2762 eos
488 2697 669 2783 implicatos
689 2721 723 2761 m
744 2697 806 2761 illis
827 2695 950 2783 absque
972 2697 1156 2762 discrimine
1179 2698 1261 2762 occi-

144 2780 231 2846 dere.
273 2781 426 2846 Attamen
447 2782 509 2845 hoc
531 2803 687 2846 conamen
709 2803 821 2846 eorum
842 2783 961 2846 nostris
983 2803 1048 2846 non
1069 2782 1189 2863 nocuit,
1223 2802 1262 2846 eo

144 2865 232 2952 quod
254 2874 352 2930 staret
368 2864 580 2951 Omnipotens
594 2887 654 2951 pro
676 2866 738 2950 eis,
761 2889 803 2932 ex
823 2875 915 2951 parte
929 2887 1006 2930 vero
1021 2865 1149 2930 illorum
1170 2863 1263 2930 multi

143 2948 504 3034 oecideruntingladio.
527 2950 830 3014 Emensahtandem
841 2948 1003 3034 Bulgaria,
1016 2950 1049 3012 in
1084 2970 1126 3012 ua
1137 2949 1264 3014 circiter

144 3043 216 3100 octo
233 3036 423 3120 septimanis
439 3033 535 3098 velud
551 3034 585 3096 in
607 3033 733 3097 camino
755 3032 969 3098 tribulationis
993 2971 1243 3098 desiderarant*
1253 3083 1273 3116 ,4

144 3119 344 3183 intraverunt
364 3118 599 3198 Macedoniam,
622 3127 746 3202 partem
768 3115 891 3182 scilicet
906 3116 1044 3182 Greciae
1067 3113 1262 3201 opulentam,

143 3203 179 3266 in
211 3224 275 3289 qua
303 3203 478 3266 maximam
506 3203 686 3283 vinearum,
718 3222 887 3286 pomorum
917 3200 1027 3287 pabuli
1051 3202 1114 3264 uel
1136 3201 1265 3287 copiam

143 3287 353 3369 invenientes,
375 3309 434 3372 per
454 3285 495 3350 ali
521 3285 600 3350 uodl
615 3293 743 3371 tempus
757 3285 893 3350 recreati
910 3294 993 3350 sunt.
1027 3223 1264 3382 dpplicuerunt

145 3372 242 3435 etiam
263 3371 305 3435 ad
321 3373 481 3436 civitatem
493 3307 772 3468 inipopolinma,
797 3390 879 3468 quae
901 3377 933 3433 et
955 3367 1114 3454 Philippis
1122 3379 1146 3448 ¹¹,
1171 3368 1263 3432 cuius

144 3454 339 3520 habitatores
362 3477 470 3519 omnes
492 3453 534 3518 ad
564 3452 665 3518 solam
691 3463 888 3518 venientium
910 3453 1030 3517 famam
1051 3451 1162 3516 relicta
1182 3449 1263 3516 urbe
1351 3469 1353 3474 ’

144 3538 345 3624 aufugerant.
392 3540 573 3624 Imperator
605 3546 711 3603 autem
742 3537 885 3624 undique
917 3545 1084 3623 suspectus
1116 3535 1263 3619 insidias,

145 3623 250 3686 sciens
284 3623 435 3709 quoniam
467 3622 555 3688 docti
587 3632 636 3688 est
664 3633 811 3709 semper⁰
843 3630 994 3704 metuere,
1028 3619 1133 3685 edicto
1153 3620 1266 3702 vetuit,

144 3729 186 3770 ne
209 3708 281 3792 quis
308 3728 440 3770 suorum
468 3708 632 3772 civitatem
659 3707 800 3788 intraret,
834 3704 890 3769 sed
919 3725 1029 3769 omnes
1056 3703 1133 3768 foris
1156 3726 1266 3769 muros

134 3789 235 3855 urhis
267 3790 451 3860 residerent.
505 3791 557 3856 lbi
588 3791 789 3877 responsales
826 3790 911 3875 regis
945 3788 1081 3854 Greeiae
1118 3788 1160 3853 ad
1192 3809 1264 3853 eum

144 3884 314 3958 venerunt,
342 3897 400 3961 per
421 3897 502 3961 quos
524 3877 555 3940 ei
576 3874 791 3956 demandavit,
821 3897 855 3938 se
877 3873 1000 3938 salvum
1022 3895 1093 3938 esse
1114 3881 1147 3938 et
1167 3872 1267 3937 nichil

145 3999 171 4055 a)
184 4003 350 4050 Balgariomm
365 4001 413 4041 rii.
473 4001 497 4054 b)
505 4003 657 4043 lacessientes
673 4003 719 4042 Bi.
781 3999 869 4053 emerat
884 4002 928 4042 01.
989 3998 1012 4052 d)
1022 4001 1154 4040 custodibus
1170 4000 1266 4042 Brea.

132 4060 170 4114 's)
186 4061 265 4100 Herm.
282 4062 329 4112 013
345 4061 374 4102 H.
391 4061 422 4101 M.
439 4071 460 4101 e.
476 4061 519 4100 des.
535 4061 584 4101 Ba.
601 4061 640 4100 Fr.
708 4059 868 4110 0Rubertum
884 4059 934 4100 Ar.
1004 4057 1028 4111 g)
1045 4059 1144 4100 Siraleia
1160 4060 1208 4109 013
1225 4059 1267 4112 Sy·

146 4121 221 4160 raleiz
238 4121 279 4162 02.
354 4118 378 4172 h)
396 4121 512 4160 Demensa
527 4119 575 4160 Aa.
651 4115 669 4169 i)
685 4119 856 4160 desudaverunt
870 4118 922 4160 Bi.
998 4117 1023 4171 k)
1039 4122 1062 4158 et
1084 4118 1209 4168 pabulique
1226 4120 1267 4160 02.

145 4177 165 4228 1)
181 4179 270 4229 aliquot
292 4179 342 4223 Bl.
417 4176 449 4230 m)
466 4179 629 4230 Vinipopolym
651 4179 698 4227 023
719 4178 878 4228 Vinipopelim
900 4178 943 4226 013
1024 4176 1049 4228 n)
1065 4178 1187 4228 Philippus
1211 4177 1267 4229 Ar,

145 4238 271 4289 Phylippis
286 4238 342 4288 1³13
357 4237 485 4290 Phylyppis
501 4239 545 4279 02.
606 4236 628 4289 ο)
644 4247 751 4286 repertor.
768 4237 819 4286 313
835 4247 853 4276 a.
870 4245 889 4274 e.
907 4237 949 4277 01.
965 4236 986 4278 i.

149 4348 178 4417 1)
206 4351 334 4417 Balyrad.
437 4349 465 4416 2)
492 4349 584 4402 Niseia.
692 4347 722 4415 3)
746 4348 789 4400 De
808 4345 932 4416 principa
962 4346 1071 4400 derbiae
1100 4347 1268 4415 cogitandam

146 4439 213 4490 esse,
232 4422 332 4474 monuit
345 4424 462 4476 Plataea
547 4423 577 4490 4)
596 4421 743 4487 Srcdetzia,
763 4421 840 4474 bodie
853 4421 935 4487 Sofia.
1011 4419 1040 4486 o)
1059 4420 1266 4486 Philippopolis.

997 4507 1038 4570 10
