3102 4978
266 393 455 447 CHRONIOA
473 393 585 447 sucht
606 393 848 448 COLONIENSIS
868 395 901 446 A.
921 395 1076 448 cst-969.
1194 395 1228 444 29

183 571 227 621 27.
264 570 298 620 A.
318 569 354 621 D.
374 569 436 620 964.
476 568 540 621 Otto
568 571 713 636 imperator
740 569 831 620 natale
851 569 961 620 Domini
985 570 1070 621 Rome
1099 575 1290 633 meramnum.

106 651 155 700 ubi
169 655 196 700 et
210 649 279 700 filius
294 649 351 700 eius
367 650 430 700 Otto
451 647 585 699 secundus
608 653 758 698 coronatur.
828 636 893 699 Hic
914 637 999 700 iacta
1020 647 1094 700 sunt
1114 635 1227 700 funda·

105 731 216 786 menta
242 718 395 784 basilicae
425 717 792 801 sanctiPantaleonis1,
820 721 878 784 ubi
906 729 1034 784 sanctus
1062 721 1228 784 Maurinus

104 809 278 870 inventusa
298 802 406 869 multis
429 804 544 868 claruit
558 801 731 868 miraculis.
768 804 916 868 Primusb
931 802 1032 868 abbas
1047 805 1150 891 ipsius
1165 803 1228 869 loci

106 888 309 953 Christianus
331 888 434 952 factus
456 895 513 954 est.

181 973 233 1037 28.
276 971 381 1053 A„D.
404 973 475 1040 965.
521 971 637 1036 Sancte
664 973 818 1036 memorie
839 972 951 1035 Bruno
978 971 1046 1036 dux
1068 983 1099 1036 et
1126 972 1228 1038 archi·

107 1057 277 1141 episcopus
299 1049 342 1119 ad
360 1055 611 1142 compescendas
632 1055 810 1120 sediciones
831 1057 865 1119 in
887 1055 1115 1120 occidentalis⁰
1135 1058 1228 1142 regni

106 1140 252 1226 partibus
267 1149 395 1204 exortas
411 1149 442 1204 et
477 1161 568 1204 acem
579 1138 836 1227 componendam
847 1141 930 1204 inter
939 1141 1120 1226 primoresd
1133 1141 1228 1206 (iorn-

107 1223 261 1310 pendium
288 1222 398 1304 adite,
427 1163 485 1287 uli
511 1225 605 1309 gravi
631 1224 815 1288 infirmitate
837 1222 994 1306 detentus,
1020 1225 1130 1289 Remis
1152 1225 1228 1290 civi-

106 1318 207 1372 tatem
237 1307 386 1389 defertur,
413 1307 533 1394 ibique,
561 1307 724 1393 dispositis
752 1317 784 1372 et
813 1307 966 1372 ordinatis
995 1309 1152 1394 episcopii
1178 1310 1228 1373 sui

106 1390 212 1474 rebuS,
240 1391 391 1539 miggavit
417 1393 458 1456 ad
480 1391 667 1456 Dominum.
711 1391 848 1472 Quando
878 1401 984 1456 autem
1013 1392 1065 1457 vel
1092 1391 1229 1481 qualiter
1319 1405 1324 1421 ¹

105 1475 240 1539 Francis
262 1498 297 1540 re
321 1473 490 1540 ellantibus
517 1474 638 1541 bellum
659 1476 825 1557 intuleritf,
851 1476 993 1540 Parisius
1016 1477 1151 1542 urbem&
1173 1477 1227 1541 ob-

106 1560 213 1624 sidens
235 1560 386 1644 irruperit
408 1569 439 1624 et
461 1558 655 1645 spoliaverit,
677 1559 792 1624 ducem
808 1559 1036 1646 lotharingiae
1055 1564 1176 1648 ceperit
1197 1573 1229 1628 et

106 1645 139 1706 in
172 1666 206 1708 se
238 1643 347 1730 ipsum
379 1641 531 1708 ducatum
561 1652 593 1708 ct
621 1665 730 1708 omncs
757 1664 957 1710 successores
983 1667 1074 1727 suos,
1101 1654 1137 1711 ut
1166 1646 1229 1713 sint

107 1727 205 1792 duces
221 1737 254 1792 et
267 1726 509 1814 archiepiscopi,
525 1736 686 1792 annuente
700 1727 798 1792 fratre
817 1728 1009 1813 imperatore
1016 1741 1040 1810 ἓ,
1055 1732 1228 1813 retorserit,

105 1822 236 1897 pontem
252 1834 349 1897 super
363 1812 510 1876 Renum²
526 1821 557 1876 et
570 1811 759 1876 Divitenseh
781 1820 919 1876 castrum
941 1823 1074 1912 propter
1092 1814 1228 1902 rebelles

106 1895 295 1981 effregeriti,
329 1905 361 1960 ct
393 1894 456 1959 alia
482 1894 652 1959 mirandak
679 1897 713 1958 in
747 1896 968 1960 construendas
998 1906 1029 1962 ct
1062 1899 1227 1963 ornandis¹

106 1980 307 2044 monasteriis
330 1989 362 2044 et
383 1989 566 2043 sanctorum
589 1977 778 2064 corporibus
800 1979 1025 2066 undecumque
1039 1981 1228 2048 transferen-

107 2062 169 2145 dis,
192 2064 267 2150 quia
288 2064 344 2127 in*
366 2061 599 2148 antiquioribus
622 2065 760 2127 cronicis
782 2086 847 2127 non
868 2065 1050 2128 invenimus
1058 2075 1080 2147 ³,
1108 2077 1228 2151 preter-

108 2147 248 2212 eundum
271 2169 340 2212 esse
362 2169 539 2212 censemus.
578 2146 705 2232 Corpus
726 2146 907 2211 venerabile
931 2146 1098 2211 Coloniam
1120 2171 1228 2234 repor-

106 2240 208 2295 tatum
230 2233 264 2295 in
289 2233 483 2295 monasterio
504 2231 592 2294 beati
613 2231 831 2314 Pantaleonis,
861 2232 947 2318 quod
976 2233 1046 2330 ipse
1068 2232 1229 2298 inchoavit

107 2325 168 2380 etm
183 2315 415 2401 perficiendum
432 2315 599 2397 ordinavit,
615 2315 779 2380 humatum
796 2325 853 2381 cst.
888 2315 978 2380 Sedit
992 2337 1026 2378 m
1041 2317 1227 2404 episcopatu

4 2423 5 2426 ¹
105 2401 198 2463 annis
223 2400 298 2482 [2¹¹3
321 2401 374 2463 cui
396 2401 552 2464 successit
572 2398 771 2464 Folcmarus.

180 2490 224 2543 30.
262 2490 433 2542 111967.
485 2490 548 2542 Otto
577 2491 722 2557 imperator
750 2488 784 2539 de
812 2490 894 2540 Italia
921 2491 1011 2542 rediit.
1057 2491 1226 2555 wilhelmus,
1237 2489 1287 2529 fill·

106 2562 210 2614 iilius
229 2564 320 2628 eius,
338 2563 495 2627 Mogontiac
515 2563 733 2629 archiepiscopus
753 2562 828 2614 obiit.
1237 2565 1387 2608 Atussa.

180 2635 225 2687 32.
262 2637 434 2689 111969.
472 2635 620 2696 Mathildis,
639 2641 725 2687 mater
743 2636 921 2702 imperatoris,
940 2636 1015 2687 obiit.
1048 2637 1288 2703 Aratispi-Bkt·

106 2715 270 2776 scopatus
295 2709 556 2774 Metburgensis
582 2709 751 2760 fundatur
780 2710 820 2759 ab
848 2711 1061 2774 imperatore
1088 2709 1225 2762 Ottone.

106 2783 220 2835 Iohanni
238 2799 309 2849 pape
334 2782 457 2834 succedit
475 2782 638 2834 Benedictus
658 2783 706 2834 VI.
744 2783 795 2844 Qut
820 2788 916 2849 postea
940 2798 957 2832 a
976 2783 1137 2834 Romanis
1163 2777 1351 2834 cri-Octavu-

105 2857 271 2920 minatus,
291 2858 319 2906 in
333 2855 444 2907 castello
459 2856 552 2908 Sancti
564 2855 663 2920 Angeli
676 2857 904 2921 mancipatus,
923 2855 1023 2906 ibidem
1036 2856 1227 2920 strangulatur.

105 2929 161 2980 Sed
191 2945 222 2980 eo
252 2929 340 2979 adhuc
368 2929 475 2979 vivente
498 2928 660 2979 Bonefacius
689 2928 797 2994 quidam
826 2945 898 2995 papa
923 2928 1124 2990 ordinatus,
1149 2935 1227 2995 post

104 3019 186 3053 unum
200 3017 319 3053 mensem
334 3003 513 3068 expulsus,
535 3001 792 3068 Constantinopolim
806 3003 928 3066 petiit,
945 3006 972 3051 et
984 3003 1124 3053 succedit⁰
1138 3004 1225 3054 Beue-

104 3081 191 3132 dictus
203 3083 263 3131 VII.
340 3068 528 3132 Folcmarus
545 3065 744 3132 Coloniensis
759 3067 1042 3153 archiepiscopusl’
1059 3067 1151 3152 obiit,
1173 3070 1227 3132 cui

105 3152 188 3217 bone
211 3152 363 3216 memorie
387 3152 472 3218 Gero
496 3153 660 3215 successit.

169 3351 195 3413 *)
214 3354 242 3402 in
260 3351 344 3415 gestis
370 3349 404 3400 de
429 3352 488 3418 ipso
513 3351 666 3418 specialiter
693 3352 872 3417 conscriptis⁴
899 3352 1076 3418 continentur,
1104 3352 1149 3402 hic
1173 3367 1227 3402 non

216 3424 340 3475 duximus
364 3423 498 3490 ponenda.
538 3425 641 3492 Corpus
667 3440 684 3474 a
707 3425 799 3475 Remis
820 3422 878 3474 Col.
896 3423 953 3474 Bl
980 3422 1013 3474 iis
1040 3423 1132 3488 erasis,
1158 3441 1226 3489 qaae

217 3493 272 3550 01.
293 3498 308 3547 2
328 3505 511 3549 saracemmt.

104 3678 128 3730 a)
152 3679 261 3720 inventus
277 3681 367 3729 estqui
383 3680 462 3720 multis
478 3679 522 3720 02.
597 3676 621 3730 b)
646 3679 739 3719 Primus
756 3701 783 3710 -
806 3681 840 3719 est
860 3679 884 3718 in
904 3689 972 3730 mara.
989 3677 1056 3718 rutro
1079 3680 1152 3729 serapt.
1174 3681 1225 3722 Bl.

105 3737 127 3789 c)
143 3739 270 3779 occidentis
287 3738 331 3778 01.
392 3737 416 3791 d)
431 3739 543 3790 primates
559 3738 603 3778 01.
664 3739 686 3788 a)
702 3739 758 3778 &aar
774 3737 817 3790 02,
833 3738 870 3777 ati
885 3738 950 3778 venit
963 3743 1012 3787 port
1026 3738 1098 3788 ampl.
1149 3736 1225 3790 hiat.

51 3835 54 3844 Α
105 3797 191 3839 1102.
258 3795 282 3849 g)
298 3797 353 3838 deest
368 3797 412 3837 01.
472 3795 757 3850 h)DuutcnssB1.02.
831 3794 849 3848 1)
866 3797 896 3836 et
912 3807 947 3850 pr.
965 3808 982 3842 r.
999 3797 1043 3838 ct.
1117 3797 1227 3850 k)m1ra·

105 3857 160 3897 cula
175 3857 218 3896 01.
278 3854 532 3908 sacramentarios
548 3857 677 3897 ornandum
693 3857 742 3906 013
758 3855 894 3896 ordinandis
910 3855 953 3896 08.
1014 3856 1046 3907 m)
1063 3857 1097 3897 vit
1112 3861 1135 3898 et
1150 3868 1225 3900 ecorr.

106 3916 158 3964 1313
174 3919 197 3956 et
212 3915 327 3956 acatos.
388 3914 413 3967 n)
432 3916 459 3956 13
476 3915 521 3957 01.
581 3913 861 3965 o)successitB1.02.
920 3913 945 3966 p)
963 3915 1033 3965 episc.
1050 3915 1092 3956 01.

181 4098 210 4165 1)
238 4100 355 4154 Monast.
380 4100 603 4154 &Pantaleonti
631 4119 649 4152 a
671 4102 800 4154 Braaoae
825 4099 1022 4168 archiepiscopo
1049 4107 1226 4153 constructum

105 4180 160 4233 ert,·
178 4175 212 4240 cf.
233 4173 319 4226 Vitam
339 4175 396 4226 eius
415 4194 436 4244 c.
450 4175 495 4227 48.
514 4180 538 4227 ct
558 4173 716 4226 chronicam
729 4175 848 4226 noctram
869 4192 893 4226 a.
911 4175 974 4226 965.
1049 4173 1079 4241 2)
1099 4174 1175 4226 Haeo
1194 4190 1226 4226 ea

112 4243 173 4297 Vita
192 4247 279 4300 altera
297 4249 433 4300 Brauronia
453 4266 475 4300 c.
492 4250 523 4298 11
545 4265 599 4314 sqq.
619 4257 706 4300 sumta
726 4257 796 4300 auat.
835 4247 913 4299 Nihil
929 4253 1017 4300 tamea
1041 4249 1073 4300 de
1092 4245 1227 4299 Divitecai

106 4327 193 4372 castro
212 4317 250 4370 ibt
271 4321 373 4388 lepitur.
448 4320 478 4386 3)
505 4319 576 4374 Sane
596 4323 726 4388 pleraque
744 4321 875 4387 sabuhsa
901 4327 962 4372 suat
987 4322 1031 4373 ael
1053 4329 1121 4373 certe
1146 4320 1226 4374 buhle

105 4394 246 4458 autpliata.
323 4391 352 4459 4)
379 4393 440 4445 Vita
458 4395 544 4447 altem
561 4393 690 4448 recentior
708 4393 820 4463 iutellipi
837 4393 951 4446 videtur.
