3122 4978
246 401 435 454 CHRONIOA
447 367 560 453 lencm
574 402 826 456 (rotomensis.
848 403 951 458 CONT.
968 405 1020 456 111.
1040 407 1072 459 Δ.
1086 407 1165 456 1204.
1227 403 1280 456 219

530 575 700 628 Recensio
721 576 745 628 Ι.
766 577 861 628 codd.
884 576 914 628 0.

243 641 445 708 Coloniensis
467 664 544 708 vero
565 644 738 730 episcopus
759 655 1006 721 sacramentum,
1029 646 1135 732 quod·
1158 645 1281 710 dudum

159 724 272 792 Ottoni
308 727 445 809 fecerat,
483 727 720 814 parvipendens
759 738 792 794 et
821 730 998 815 periurium
1033 740 1065 795 et
1096 751 1282 808 excommu-

158 812 352 876 nicationem
394 811 563 898 apostolici
597 834 663 877 non
698 819 860 894 metuens,
904 823 978 899 post
1018 814 1135 879 festum
1178 816 1282 880 sancti

159 895 310 960 Martini¹
334 895 377 960 ad
398 897 536 960 eundem
553 895 738 983 Philippum
761 907 835 962 cu'm
857 897 939 963 duce
952 897 1136 963 Louaniue¹>
1158 909 1191 964 et
1211 899 1348 966 aliisuov.

160 978 324 1044 nobilibus
352 980 431 1044 viris
461 979 697 1046 Confluentiam
718 981 806 1046 venit
834 991 866 1046 et
893 983 922 1048 ei
946 983 1160 1047 iuramentum
1181 981 1282 1047 fideli·

159 1064 233 1128 tatis
256 1085 331 1128 cum
353 1064 436 1129 duce
464 1064 585 1130 ibidem
611 1065 697 1132 fecit.
741 1064 791 1129 lbi
819 1068 915 1131 etiam
936 1065 1106 1166 Philippus
1128 1090 1187 1132 rex
1208 1088 1282 1133 con·

159 1148 230 1212 silio
253 1148 322 1212 eius
344 1158 377 1214 et
397 1150 581 1248 principum
597 1152 653 1237 qui
671 1150 804 1215 aderant
818 1149 978 1214 celebrem
994 1172 1118 1216 curram
1132 1149 1282 1215 omnibus
1292 1175 1357 1220 isos.

159 1232 364 1318 principibus
392 1235 485 1319 regni
509 1256 544 1297 rn
574 1232 756 1320 epyphania
776 1233 911 1298 Domini
932 1235 1131 1320 Aquisgrani
1158 1235 1280 1318 indicit,
1291 1253 1375 1296 uae.

159 1328 193 1382 et
207 1315 410 1382 Coloniensis
425 1340 498 1382 eum
513 1317 559 1382 ibi
581 1319 614 1382 in
630 1340 746 1404 ‘regem
761 1320 944 1384 consecrari
965 1328 998 1384 et
1018 1320 1098 1405 ungi
1112 1319 1280 1405 promittit.

248 1401 397 1487 Hyemps
418 1401 607 1487 longissima
628 1412 661 1468 et
681 1403 776 1466 nimis
798 1404 983 1489 asperrima.

244 1485 413 1573 Philippus
433 1487 532 1572 igitur
545 1509 613 1568 rex,
635 1497 672 1552 ut
686 1496 906 1586 proposuerat,
928 1509 1002 1551 cum
1025 1488 1184 1554 universis
1199 1509 1283 1574 pene

160 1569 362 1655 principibus
388 1571 479 1655 regni
502 1572 531 1634 A
556 1573 697 1656 uisgranr
718 1573 817 1651 venit,
847 1571 901 1636 ubi
925 1592 997 1635 cum
1021 1574 1162 1636 maximo
1184 1593 1285 1670 appa-

160 1661 234 1718 ratu
255 1663 287 1720 et
308 1652 465 1742 obsequio
488 1593 689 1721 Coioniensis
715 1657 746 1720 ei
773 1657 921 1720 occurrit.
963 1656 1019 1721 Ibi
1047 1679 1115 1738 rex,
1149 1653 1283 1720 consilio

272 1817 341 1869 adeo
355 1819 490 1880 refutavit,
503 1825 533 1870 ut
552 1821 636 1870 vitam
651 1821 773 1888 amittere
787 1819 951 1886 preeligeret
964 1818 1143 1886 Graciamque
1154 1821 1282 1882 subverti,

273 1907 353 1959 quam
388 1893 459 1959 quod
494 1885 599 1944 Latinis
635 1891 807 1959 pontificibus
841 1892 979 1944 orientalis
1015 1893 1150 1944 aecclesia
1184 1893 1283 1944 subde·

272 1971 353 2016 retur.
415 1966 501 2016 Nocte
527 1967 610 2031 igitur
633 1967 786 2032 insequenti
811 1966 946 2017 dominum
978 1983 1054 2016 suum
1087 1966 1202 2017 latenter
1221 1967 1283 2018 sub·

272 2040 346 2090 focat
363 2039 391 2089 in
413 2055 531 2100 carcere,
551 2046 578 2090 et
598 2039 674 2090 clave
693 2041 790 2102 ferrea,
810 2056 890 2106 quam
909 2039 1019 2090 tenebat
1042 2041 1070 2089 iu
1090 2055 1179 2102 manu,
1199 2038 1284 2090 latera

274 2113 411 2164 morientis
431 2120 458 2165 et
477 2118 565 2164 costas
584 2113 706 2163 inaudita
726 2113 884 2183 crudelitate
912 2112 1067 2176 confringit,
1094 2117 1121 2162 et
1149 2128 1222 2163 eum
1249 2114 1283 2162 iu

274 2201 414 2237 carcere
433 2193 600 2237 mortuum
620 2185 827 2251 divulgans,
847 2186 980 2252 imperiali
994 2185 1130 2252 sepultura
1144 2201 1283 2249 concessa,

274 2261 396 2310 omnibus
416 2260 504 2312 scelus
523 2259 622 2310 funeris
645 2260 746 2310 honore
773 2259 931 2310 dissimulat.
970 2259 1016 2310 Sic
1036 2260 1075 2310 eis
1094 2259 1207 2325 hyemps
1225 2265 1283 2310 tota

272 2331 418 2399 perficitur,
446 2332 542 2394 donec,
565 2334 677 2384 navibus
704 2349 794 2384 eoram
814 2333 896 2384 scalis
921 2334 1020 2398 aptatis
1047 2339 1075 2383 et
1100 2334 1283 2385 instrumentis

274 2405 380 2457 bellicis
404 2409 568 2473 preparatis,
588 2408 613 2457 b.
627 2406 693 2457 Idus
707 2406 815 2472 Aprilis,
841 2407 893 2457 boc
919 2403 1001 2472 [est⁰]
1027 2406 1096 2456 seria
1119 2411 1195 2456 sexta
1221 2411 1283 2456 ante

275 2481 428 2547 passionem
456 2481 582 2540 Domini,
614 2481 776 2531 unanimiter
807 2496 854 2546 pro
886 2480 987 2531 honore
1020 2486 1131 2530 sanctae
1162 2480 1283 2530 Romane

274 2553 424 2604 aecclesiae
444 2560 472 2603 et
484 2554 659 2605 subventione
673 2554 790 2605 Sanctae
802 2554 902 2604 Terrae
921 2552 1012 2603 navali
1031 2552 1116 2619 prelio
1130 2554 1285 2603 invaserunt

276 2627 426 2691 civitatem,
460 2632 489 2677 et
523 2643 555 2677 ec
579 2627 640 2690 die,
665 2629 723 2678 sine
754 2627 838 2678 multo
868 2635 958 2678 tamen
997 2642 1103 2678 suorum
1142 2627 1284 2691 sanguine,

276 2706 351 2751 tanta
375 2703 497 2767 perpessi
521 2701 640 2764 luerunt,
664 2707 694 2752 ut
716 2702 833 2753 inimicis
858 2702 886 2750 in
912 2701 1083 2767 obprobrium
1110 2705 1286 2762 verterentur,

276 2790 387 2840 quorum
408 2789 440 2823 ea
461 2773 504 2824 die
524 2790 586 2839 pars
611 2775 661 2824 luit
684 2790 732 2839 per
752 2780 851 2825 cuncta
875 2776 1005 2841 superior.
1043 2773 1201 2824 conturbati
1221 2785 1285 2824 vero

276 2846 417 2914 plurimum
438 2853 465 2898 et
485 2848 629 2908 conterriti,
648 2847 697 2897 sed
718 2848 824 2898 demum
844 2849 872 2898 in
892 2848 1008 2898 Domino
1028 2847 1154 2908 roborati,
1175 2846 1285 2898 delinito

277 2920 389 2970 consilio
409 2936 499 2971 rursus
545 2953 1285 2973 .................

526 3029 689 3082 Receosio
709 3030 757 3080 11.
778 3029 871 3081 codd.
891 3029 925 3085 B.

253 3102 422 3155 Coloniensis
451 3119 515 3154 vero
545 3105 687 3169 episcopus
719 3109 931 3165 sacramentum,
964 3103 1035 3168 quod
1066 3103 1166 3154 dudum
1194 3104 1287 3155 Ottoni

166 3176 277 3239 iecerat,
321 3175 519 3243 parvipendens
558 3183 585 3226 et
619 3178 763 3243 periurium
795 3184 823 3228 et
851 3178 1153 3227 excommunicationem
1179 3182 1284 3242 aposto·

165 3249 215 3300 lici
243 3266 296 3312 pon
322 3257 453 3312 metuens,
481 3257 542 3316 post
566 3251 664 3300 festum
690 3252 777 3301 sancti
798 3251 905 3299 Martini
922 3250 957 3299 ad
984 3249 1098 3299 eundem
1124 3248 1285 3316 Phylippum

167 3337 228 3373 cum
256 3323 324 3373 duce
344 3324 536 3374 Brabantie
557 3323 752 3375 confluentiam
774 3323 849 3374 venit
868 3328 895 3372 et
908 3324 934 3372 ei
953 3324 1128 3373 iuramentum
1147 3321 1286 3373 fidelitatis

168 3412 228 3448 cum
248 3396 317 3447 duce
337 3397 437 3446 ibidem
453 3397 527 3466 lecit.
566 3398 609 3448 lbi
629 3399 709 3448 etiam
727 3414 774 3448 rex
787 3396 936 3462 Phylippus
956 3395 1089 3445 celebrem
1110 3396 1210 3446 curiam
1230 3411 1285 3445 cm·

165 3470 244 3520 nibus
264 3471 310 3536 qui
330 3470 443 3520 aderant
461 3471 627 3535 principibus
645 3473 674 3521 in
698 3471 851 3538 epyphania
869 3469 981 3520 Domini
1000 3469 1163 3534 Aquisgrani
1181 3467 1287 3528 indicit,
1311 3471 1316 3480 '

166 3549 195 3594 et
207 3542 376 3594 coloniensis
392 3559 451 3594 eum
464 3544 565 3594 ibidem
577 3545 605 3594 in
620 3560 712 3609 regem
733 3537 908 3594 consecrari(l
922 3547 948 3592 et
961 3542 1027 3606 ungi
1042 3542 1179 3607 promittit.
1208 3539 1286 3603 Quod

167 3620 196 3666 et
214 3616 315 3666 iactum
336 3622 384 3685 est.
424 3618 482 3667 Rex
498 3617 587 3682 igitur,
607 3624 636 3669 ut
655 3621 839 3684 proposuerat,
859 3631 919 3665 curn
940 3615 1102 3681 pluribus
1118 3614 1194 3678 regni
1214 3614 1285 3678 prin·

167 3690 271 3756 cipibus
291 3690 453 3755 Aquisgrani
472 3690 555 3752 venit,
579 3691 650 3741 ubi*
676 3707 765 3741 rursus
794 3691 827 3740 ab
857 3689 980 3739 omuibus
1006 3690 1033 3738 in
1058 3703 1148 3752 regem
1178 3686 1288 3751 eligitur

166 3763 242 3813 etin
261 3763 397 3814 aecclesia
416 3764 495 3814 beate
506 3765 591 3814 Marie
611 3781 628 3814 a
642 3763 795 3815 coloniensi
808 3761 1012 3828 archiepiscopo
1029 3774 1088 3812 cum
1099 3761 1186 3811 Maria
1204 3776 1286 3811 uxore

167 3851 217 3888 sua
234 3838 343 3901 ungitur
362 3844 389 3886 et
409 3842 587 3888 consecratur.

253 3911 325 3960 Hoc
345 3925 435 3960 anno
460 3911 511 3962 fuit
530 3917 601 3961 estas
626 3909 716 3961 calida
740 3916 767 3961 et
791 3911 866 3961 sicca
893 3915 920 3960 et
945 3908 1057 3974 hyemps
1082 3907 1239 3973 longissima
1259 3913 1288 3959 et

166 3982 246 4033 nimie
265 3985 419 4050 asperrima.

228 4091 257 4160 *)
276 4093 325 4144 Bl
347 4095 404 4145 ulia
422 4110 506 4145 manu
521 4101 582 4160 post
600 4093 630 4144 iss
649 4111 733 4160 marq.
753 4093 855 4158 sappi:
878 4094 932 4145 Ubi
951 4109 1011 4143 cum
1025 4091 1140 4142 maximo
1153 4096 1287 4158 apparatu

278 4167 447 4219 Coloniensis
467 4169 492 4218 ei
511 4169 641 4230 occurrit;
661 4167 698 4217 ibi
719 4182 766 4217 rex
784 4193 820 4202 -
840 4193 873 4202 -
895 4167 1032 4218 destituto.

166 4311 190 4366 a)
207 4313 370 4412 quoddedum
384 4314 427 4355 des.
445 4313 489 4356 Οἳ,
550 4311 710 4364 b)Lovanias
728 4335 753 4345 -
770 4309 1015 4354 cameleontem.
1061 4308 1147 4360 clareat
1162 4319 1181 4348 c.
1228 4306 1251 4360 d)
1267 4308 1288 4348 ri

168 4384 254 4415 eccrr.
311 4403 317 4414 .

169 4504 198 4570 l)
218 4503 260 4556 Dc
278 4504 322 4556 dia
338 4504 373 4570 cf.
398 4504 579 4556 Wnkclmann
597 4505 623 4566 I,
637 4523 669 4572 p.
689 4505 743 4555 336
762 4521 790 4554 o.
810 4503 835 4554 2.
