2988 5058
291 394 344 445 ³42
404 392 454 444 EX
472 392 568 446 HIST.
587 391 870 444 nxrnmrlouun
889 392 928 444 IN
947 391 1096 444 TERRAM
1115 390 1295 444 aruerint.

216 559 335 626 ruaad
365 580 508 646 pugnam
540 568 614 644 sunt
647 557 796 624 ordinati.
846 557 892 623 At
923 559 1076 641 cristiani,
1108 559 1249 622 minores
1278 554 1435 642 quidem

291 666 434 726 numero,
457 641 515 710 sed
542 643 687 708 fortiores
716 644 841 721 merito,
870 665 945 706 suas
973 643 1061 708 acies
1089 641 1197 708 debito
1225 648 1434 705 struxerunt

291 729 402 794 ordine
425 737 556 812 aparte
579 725 780 792 occidentali.
824 726 874 791 Illi
895 727 1028 808 viribus,
1061 727 1114 790 isti
1142 725 1207 791 fide
1235 723 1432 789 confidunt.

290 817 336 878 At
356 813 513 878 Martinus
535 810 777 876 commendator
798 810 949 893 Palmele,
970 833 1090 896 parvus
1113 809 1242 897 quidem
1264 829 1429 894 corpore,

291 896 348 964 sed
378 919 444 962 non
479 897 584 982 impar
615 895 700 960 leoni
730 895 836 960 cordis
872 894 1048 977 ferocitate,
1084 893 1261 960 vexillum·
1296 892 1428 958 dextra

290 981 431 1062 vibrans,
464 981 606 1045 ruiturel
633 980 739 1065 gentis
760 979 902 1044 medium
931 981 1079 1066 prorupit
1110 981 1144 1042 in
1174 1000 1303 1076 agmen.
1352 975 1427 1042 Cui

289 1087 355 1130 non
387 1066 493 1130 minor
524 1066 597 1150 ipso
627 1064 770 1148 iungitur
799 1064 835 1127 in
866 1086 976 1149 pugna
997 1065 1111 1128 Petrus
1144 1061 1262 1126 mihcie
1283 1061 1372 1125 Tem
1400 1058 1426 1122 li

289 1147 445 1236 prelatns3
462 1170 542 1234 quos
554 1147 707 1212 audacter
718 1149 865 1233 sequitur
874 1169 938 1212 non
950 1149 1057 1234 segnis
1067 1145 1162 1212 turha
1174 1167 1315 1211 suorum.
1393 1146 1425 1207 ‘c

290 1255 392 1319 equus
414 1233 588 1319 opponitur
606 1232 709 1318 equis,
730 1231 783 1295 hic
805 1232 936 1297 ensibus
958 1234 1053 1313 ensis,
1075 1230 1128 1295 hic
1143 1229 1184 1294 cli
1207 1252 1264 1295 eus
1288 1228 1422 1315 clipeis,

289 1317 343 1382 hic
356 1317 472 1382 obruta
485 1314 609 1380 casside
619 1315 729 1380 cassis.
752 1315 841 1396 Quid
855 1314 964 1380 multis
979 1314 1163 1380 moramur?
1177 1253 1289 1378 llirtus
1301 1313 1421 1377 divina

290 1397 446 1487 superbos
468 1398 649 1465 humiliavit
672 1399 873 1486 humilesque
900 1422 975 1464 suos
1000 1400 1138 1466 victores
1162 1397 1278 1464 effecit.
1327 1397 1420 1461 Nam
1461 1439 1464 1448 .

289 1497 392 1550 unus⁶
418 1485 466 1548 ibi
492 1506 606 1569 regum
632 1485 666 1547 in
687 1485 791 1569 primo
815 1505 990 1570 congressu
1011 1482 1137 1566 cecidit,
1169 1493 1201 1548 et
1230 1492 1420 1547 ceterorum

290 1569 530 1634 interfectorum
552 1589 617 1632 non
639 1577 687 1632 est
708 1591 861 1633 numerus
891 1576 998 1655 preter
1025 1570 1171 1654 captivos
1193 1567 1249 1654 qui
1270 1565 1419 1630 infinitis

290 1663 391 1720 erant.
434 1653 503 1718 Nee
523 1652 754 1735 reticendum,
784 1652 881 1738 quod,
908 1653 985 1718 dum
1012 1653 1132 1739 captivi
1153 1674 1211 1737 per
1233 1651 1419 1716 exercitum

291 1735 495 1836 ducerentur,
518 1735 697 1823 querebant
717 1738 812 1822 signa
833 1738 1005 1819 victorum,
1034 1745 1222 1816 asserentes,
1251 1733 1419 1799 candidis-

291 1821 405 1885 simam
433 1842 536 1885 acrem
564 1841 675 1885 enices
700 1820 817 1886 rubeas
849 1831 998 1907 gerentes
1025 1842 1155 1884 suorum
1187 1828 1352 1883 catervam
1383 1819 1419 1882 in

289 1906 401 1990 fugam
423 1906 629 1972 convertisse.
672 1905 809 1990 Insuper
831 1915 863 1970 et
884 1904 985 1990 galee,
1008 1926 1088 1990 quas
1109 1925 1168 1988 per
1188 1925 1277 1968 mare
1299 1910 1418 1967 contra

289 1999 416 2054 nostros
445 1987 634 2070 aduxerant,
662 1998 738 2053 sunt
764 1989 884 2074 fugate,
905 1988 1120 2075 relinquentes
1150 1988 1266 2051 nostris
1296 2008 1416 2072 equos,

290 2071 521 2140 kemmelin0s¹
546 2082 578 2138 et
598 2074 734 2138 tentoria
755 2095 830 2137 cunr
852 2083 920 2138 tota
943 2071 1174 2160 suppellectilif
1193 2093 1261 2136 sua.
1282 2070 1418 2136 Deinde

290 2159 392 2222 nostri
420 2158 537 2223 comite
567 2155 707 2222 Girardo
737 2179 865 2242 semper
896 2156 978 2221 duce
1005 2157 1047 2221 ad
1080 2155 1216 2221 insultus
1243 2176 1417 2224 murorum

291 2251 366 2306 sunt
390 2241 518 2323 reversi,
552 2251 584 2306 et
612 2241 772 2305 interfecti
801 2250 876 2305 sunt
897 2251 963 2306 tam
990 2241 1031 2305 de
1060 2241 1220 2305 cristianis
1249 2239 1417 2326 quamde

292 2325 489 2406 Sarracenis,
525 2325 578 2390 isti
613 2324 786 2412 lapidibus,
822 2324 869 2390 illi
901 2327 1038 2410 sagittis.
1082 2325 1146 2389 Hic
1172 2322 1345 2391 Westfaliss
1383 2332 1417 2388 et

291 2410 438 2476 Saxones
453 2431 545 2474 suam
564 2409 754 2472 audaciamh
775 2432 863 2475 more
885 2431 944 2474 suo
958 2409 1180 2495 profuderunt,
1202 2418 1234 2473 et
1247 2409 1417 2472 Renenses

290 2495 421 2579 ingenio
444 2505 477 2559 et
496 2493 582 2558 facto
605 2515 670 2558 non
691 2496 831 2578 impares
860 2494 901 2558 ad
923 2515 994 2558 eam
1017 2492 1153 2558 viriliter
1182 2490 1416 2575 convolabant3

290 2577 513 2643 Nussiensium
536 2599 663 2664 quoque
684 2575 780 2663 clipei
808 2577 868 2642 sub
895 2576 970 2642 alba
997 2599 1092 2642 cruce
1120 2578 1222 2642 rosei¹
1256 2577 1290 2640 in
1318 2598 1416 2640 muro

291 2660 488 2726 succidendo
519 2683 584 2725 non
615 2659 780 2725 modicum
812 2669 887 2726 sunt
919 2662 1051 2728 incensi.
1100 2661 1284 2727 Erexerunt
1314 2661 1416 2724 etiam

289 2745 391 2810 nostri
419 2745 630 2809 instrumenta
652 2743 798 2830 diligenti
819 2746 927 2812 studio
956 2747 1095 2828 inventa,
1150 2769 1190 2811 ue
1212 2745 1252 2810 de
1274 2744 1415 2810 Heneho

191 2838 526 2914 oernnoncupantur.
571 2827 667 2894 Circa
687 2829 804 2894 festum
825 2853 902 2896 vero
930 2829 1078 2894 undecim
1099 2852 1132 2893 m
1159 2831 1224 2894 'um
1247 2831 1415 2914 virginum

289 2936 348 3013 per
374 2913 512 2978 fossores
541 2913 659 2978 cecidit
685 2912 785 2978 altera
816 2915 922 2980 turris.
971 2914 1064 2978 Tunc
1094 2913 1223 2997 demum
1252 2913 1417 3012 perteniti

290 2996 433 3062 mfelices
454 2996 500 3061 illi
522 3008 661 3063 castrum
683 2997 902 3080 reddiderunt,
930 2996 1042 3063 dantes
1064 3021 1098 3062 se
1121 3008 1153 3063 et
1175 3019 1234 3062 sua
1255 3021 1288 3061 rn
1310 2998 1415 3061 mani·

290 3080 352 3145 hus
374 3083 627 3167 peregrinorum,
660 3104 697 3146 eo
720 3093 814 3168 pacto
837 3080 925 3168 quod
947 3081 1065 3168 singuli
1086 3083 1220 3148 totidem
1242 3081 1414 3146 cristianos

291 3165 331 3231 de
360 3166 545 3251 captivitate
577 3167 755 3232 restituturi
782 3167 882 3230 vitam
913 3166 1118 3232 redimerent
1167 3166 1233 3232 Sed
1262 3166 1414 3232 dominus

291 3251 387 3314 castri
408 3248 501 3314 Ahur
524 3250 628 3316 dictus
651 3249 891 3335 cumpluribus
914 3249 1081 3316 obsidibus
1108 3273 1206 3336 super
1226 3258 1322 3336 pacto
1345 3271 1413 3314 ser-

290 3335 397 3399 vando
418 3336 559 3420 acceptis
580 3333 776 3419 baptismum
798 3335 899 3418 petiit,
919 3356 980 3398 nec
1001 3334 1055 3399 lon
1079 3358 1097 3400 e
1115 3344 1189 3421 post
1215 3336 1249 3398 in
1269 3355 1412 3399 errorem

290 3419 462 3504 pristinum
484 3428 532 3483 est
553 3439 710 3482 reversus.
753 3417 885 3483 Invento
907 3429 982 3484 sunt
1001 3420 1036 3482 in
1055 3358 1118 3483 hoc
1145 3429 1251 3483 castro
1280 3430 1345 3482 tam
1368 3416 1412 3484 de

289 3503 366 3566 viris
389 3523 487 3588 quam
509 3501 550 3566 de
572 3499 769 3580 mulieribus,
784 3500 928 3588 parvulis
945 3511 978 3568 et
991 3503 1177 3584 maioribus,
1200 3503 1325 3568 circiter
1347 3503 1410 3568 tria

290 3585 378 3650 milia
399 3606 546 3671 persone,
569 3607 633 3672 que
655 3607 765 3650 omnes
779 3587 972 3652 venumdate
987 3596 1107 3652 suntet
1121 3587 1205 3652 inter
1219 3588 1409 3672 peregrinos

290 3670 416 3756 partite.
459 3669 524 3732 Hic
549 3690 570 3732 a
591 3671 701 3734 matris
729 3671 827 3736 ubere
855 3671 960 3736 infans
990 3680 1039 3735 est
1066 3680 1188 3754 ratus,
1216 3680 1247 3735 et
1273 3693 1409 3756 sponsus

290 3775 311 3816 a
332 3774 460 3838 sponsa,
506 3760 578 3817 rout
599 3775 667 3818 sors
687 3753 829 3836 dictavit,
854 3766 903 3820 est
923 3755 1055 3821 divisus.
1097 3693 1166 3819 dec
1189 3755 1408 3837 omittendum,

290 3834 377 3922 quod
412 3837 543 3922 quiam
577 3858 620 3901 ex
652 3839 811 3903 cristianis
841 3838 972 3905 odorem
1002 3838 1083 3902 lucri
1110 3848 1268 3904 sectantes
1299 3850 1409 3905 contra

290 3919 496 3985 interdictum
518 3943 626 3986 muros
648 3922 923 4004 transcenderunt,
945 3945 1106 4009 purpuras
1121 3945 1197 3987 cum
1213 3926 1406 3988 ornamentis

290 4005 397 4068 aureis
419 4013 451 4070 et
471 4007 630 4091 argenteis
652 4005 872 4072 distrahentes.
917 4006 983 4072 Sed
1003 4006 1221 4073 admonitione
1243 4007 1303 4073 sub
1325 4029 1407 4093 pena

290 4090 632 4154 excommunicationis
654 4091 748 4173 facta,
778 4090 895 4176 singuli
925 4091 1012 4177 quod
1034 4104 1207 4177 rapuerant
1234 4090 1407 4157 retulerunt

290 4213 313 4267 a)
327 4215 434 4256 vixillum
449 4227 467 4258 c.
543 4215 566 4269 b)
582 4221 675 4258 ructare
689 4229 709 4260 c.
784 4216 805 4270 c)
821 4220 862 4260 nbt
880 4223 931 4269 pou
946 4230 1003 4260 corr.
1020 4229 1080 4262 nnus
1095 4231 1113 4260 c.
1188 4217 1211 4271 d)
1227 4220 1246 4259 ti
1258 4224 1310 4270 port
1325 4221 1373 4261 aad.
1387 4233 1407 4260 c.

290 4273 313 4323 e)
329 4276 466 4316 reticentiam
480 4287 536 4316 corr.
546 4277 690 4317 reticendum
705 4289 723 4322 c.
773 4277 793 4328 f)
809 4278 934 4328 superlectt
948 4289 967 4320 c.
1039 4277 1063 4332 g)
1080 4278 1156 4320 wint.
1171 4290 1189 4321 e.
1248 4277 1273 4330 h)
1290 4280 1406 4326 audatiae.
1478 4323 1479 4326 ,

290 4332 308 4387 i)
324 4334 390 4376 rubei
403 4335 498 4384 pansam
513 4345 554 4378 scr.
571 4337 609 4376 aad
623 4337 665 4378 det.
681 4348 700 4378 c.
1478 4331 1479 4410 l

293 4428 321 4497 1)
340 4427 359 4482 i.
379 4447 403 4496 q.
423 4432 542 4485 camelos.
