3122 4978
200 428 388 481 CHRONIOA
401 429 515 482 unuln
529 429 782 484 communale.
803 430 906 483 OONT.
916 429 955 482 11.
974 429 1007 482 A.
1020 429 1099 482 troo.
1112 431 1191 482 1207.
1233 429 1283 480 181

165 617 244 682 pore
261 594 339 661 Otto
354 617 413 659 rex
434 597 521 660 intus
537 595 707 662 Coloniam
729 595 830 660 multo
851 598 916 660 iam
932 605 1075 682 tempore
1091 595 1285 679 demoratus,

166 701 241 744 cum
256 679 299 743 ad
312 701 423 765 regem
434 679 620 766 Philippum
638 679 874 746 Confluentiam
890 681 981 766 pacis
996 681 1100 766 gratia
1113 689 1285 746 uenturus*¹

164 763 207 829 ab
230 763 379 828 omnibus
402 774 593 849 speraretur,
615 765 627 826 i
651 785 686 828 se
709 764 769 829 deb
792 766 923 830 civitate
946 787 982 830 se
1003 765 1157 848 eximens,
1184 773 1285 831 trans-

164 849 273 934 itoque
309 846 437 930 Rheno,
477 869 592 912 versus
627 785 804 914 {exoniam
844 849 879 912 in
920 850 1083 914 civitatem
1119 850 1286 936 propriam

164 929 384 1012 Bruneswioh,
415 953 476 1017 que
503 932 565 996 sibi
586 932 657 997 iure
678 933 869 998 hereditario
892 942 1040 1015 cesserat,
1066 955 1101 998 se
1123 955 1198 998 cum
1219 935 1286 998 suis

165 1016 296 1104 recepit
367 1015 495 1080 Priores
504 1014 875 1102 Coloniensiumlegatos
887 1038 961 1082 suos
971 1017 1108 1082 Romam
1119 1019 1286 1100 miserunt,

164 1121 226 1186 pro
246 1120 327 1184 pace
353 1109 385 1164 et
412 1109 497 1164 statu
523 1122 558 1164 re
605 1101 617 1164 i
642 1122 769 1166 necnon
795 1111 828 1167 et
848 1099 1049 1166 Coloniensis
1075 1100 1209 1167 ecclesie
1230 1101 1286 1166 do-

165 1184 287 1248 minum
309 1204 428 1270 papam
449 1184 574 1270 interpe
597 1185 690 1250 aturi.

403 1285 497 1350 Anno
519 1286 679 1352 dominice
701 1287 929 1350 incarnationis
953 1287 1045 1352 1207.

248 1367 327 1432 Post
356 1381 502 1435 octavam
531 1371 703 1458 epiphanie
725 1369 895 1469 Philippus
922 1391 983 1434 rex
1009 1389 1083 1434 cum
1112 1368 1394 1519 alipiuantisrams.

166 1451 385 1536 superioribus
417 1476 543 1519 necnon
572 1467 604 1519 et
632 1455 839 1540 Letharingre
868 1451 971 1540 princi
996 1451 1069 1519 ibus
1096 1476 1162 1540 apu
1214 1453 1285 1520 Sin-

165 1533 263 1600 zecbe
290 1537 462 1601 concilium
489 1538 673 1621 celebravit,
705 1539 762 1603 ubi
789 1541 928 1604 iterum⁰
985 1537 1164 1603 olonienses
1190 1538 1286 1606 inter·

165 1629 264 1684 ventu
290 1630 322 1685 et
344 1634 525 1688 commeatu
552 1624 643 1689 ducis
664 1624 838 1689 Brabantie
860 1643 975 1709 pacem
997 1643 1017 1685 a
1038 1645 1072 1688 re
1096 1646 1114 1688 e
1136 1623 1198 1689 sibi
1220 1624 1286 1688 iam

166 1713 260 1768 antea
281 1704 389 1769 datam
412 1708 498 1806 regis
520 1729 559 1771 ac
580 1709 762 1794 principum
790 1708 980 1772 auctoritate
1002 1645 1150 1794 ampliori
1172 1707 1286 1772 contir-

164 1789 305 1854 matione
320 1789 465 1854 roborari
480 1791 519 1856 de
545 1802 674 1874 oscunt3
698 1790 785 1878 quod
807 1800 839 1856 et
854 1791 973 1854 factum
992 1800 1050 1862 est.
1135 1789 1286 1878 Eclypsis

166 1870 242 1936 solis
264 1873 351 1938 facta
378 1884 427 1938 est
447 1877 477 1942 2.
528 1875 568 1940 al.
583 1877 726 1958 Martias,
756 1875 837 1940 hora
858 1873 922 1939 diei
949 1885 1050 1940 sexta.
1136 1875 1186 1938 Eo
1208 1886 1406 1940 tem-raras.

163 1977 242 2104 pJore
263 1958 293 2021 4.
322 1958 402 2022 feria
429 1970 504 2046 post
531 1959 725 2024 dominicam
752 1957 921 2042 Estomihi,
954 1981 1016 2058 que
1042 1961 1114 2045 ipso
1140 1981 1226 2024 anno
1254 1961 1285 2025 4.

196 2061 274 2104 onas
302 2041 435 2107 Martias
466 2045 619 2126 occurrit,
649 2043 857 2110 colonienses
885 2054 1015 2108 nuntios
1044 2063 1119 2106 suos
1147 2042 1285 2108 Romam
1296 2069 1362 2112 naa.
1372 2072 1393 2113 r.

162 2127 416 2204 transmiserunt,
445 2129 504 2193 sed
529 2128 745 2216 abepiscopo
769 2127 914 2214 Spirensi
943 2128 1029 2213 capti
1056 2127 1190 2228 regique
1212 2126 1287 2191 Phi-

164 2207 255 2294 lippo
299 2213 459 2293 resentati‚
482 2235 584 2300 usque
605 2213 648 2277 ad
663 2213 806 2278 medium
843 2211 1066 2296 usdragesime
1088 2221 1165 2275 satrs
1186 2210 1284 2276 hono-

164 2293 254 2358 rifice
276 2233 397 2361 detenti
419 2307 502 2362 sunt.
588 2298 628 2362 In
646 2298 796 2384 passione
846 2296 946 2360 omini
962 2296 1099 2359 iterum⁰
1113 2294 1284 2382 Philippus
1294 2319 1366 2371 aaa.
1477 2319 1480 2327 ¹

164 2399 224 2443 rex
246 2398 320 2443 cum
340 2379 502 2445 nonnullis
531 2381 734 2468 principibus
761 2379 918 2446 Sinzeche
946 2379 1086 2461 devenit,
1120 2378 1284 2444 adducens

166 2484 277 2528 secum
299 2465 364 2527 iam
386 2464 489 2530 dictos
510 2466 649 2552 legatos3
672 2465 728 2531 ubi
750 2488 770 2529 a
791 2463 953 2552 prioribus
976 2473 1007 2528 et
1029 2457 1205 2550 capitaneis
1223 2461 1285 2527 Oo-

164 2546 356 2612 loniensium
379 2549 594 2616 satisfactione
615 2552 769 2637 pacisque
792 2548 1032 2613 confirmatione
1053 2570 1112 2635 per
1128 2548 1285 2612 iusiuran-

166 2631 242 2695 dum
265 2641 407 2718 accepta,
429 2635 642 2721 omnibusque
664 2634 843 2699 inimicitiis
866 2632 1047 2714 destructis,
1069 2631 1151 2696 adeo
1174 2651 1283 2696 coram

165 2737 241 2801 rege
262 2718 400 2800 gratiam
422 2718 623 2801 invenerunt,
644 2729 681 2785 ut
702 2719 773 2805 ipse
794 2739 853 2782 rex
870 2716 1038 2782 Coloniam
1060 2737 1095 2780 ee
1111 2725 1284 2780 venturum

164 2801 375 2886 promitteret.
420 2800 516 2866 Circa
530 2803 647 2868 festum
661 2801 842 2888 palmarum
857 2800 1027 2887 Philippus
1041 2821 1101 2864 rex
1116 2798 1285 2865 Coloniam
1294 2819 1351 2872 Aa.
1360 2820 1398 2862 ro.

165 2885 300 2971 pacifice
327 2884 532 2985 ingreditur1,
561 2886 619 2951 ubi
648 2909 668 2949 a
695 2885 780 2950 clero
807 2894 840 2950 et
862 2887 948 2949 omni
975 2882 1096 2970 populo
1117 2885 1286 3030 utriusqlue

166 2991 262 3034 sexus
290 2971 324 3033 in
353 2990 459 3054 ymnis
488 2979 520 3034 et
546 2969 696 3035 laudibus
725 2971 891 3056 signisque
919 2967 1190 3054 concrepantibus
1254 2989 1287 3032 o

165 3053 249 3117 riose
285 3074 323 3116 ac
360 3053 534 3118 honorifice
567 3063 735 3140 susceptus
770 3061 836 3134 est,
871 3061 971 3138 utque
1006 3073 1118 3136 regem
1151 3051 1229 3117 dece
1254 3061 1288 3116 at

166 3136 301 3201 diversis
337 3136 540 3202 multiformis
585 3138 733 3224 obsequii
776 3136 949 3222 generibus
991 3157 1050 3234 per
1086 3145 1158 3200 octo
1194 3134 1284 3199 dies²

165 3221 481 3305 magnificentissime
503 3221 675 3287 honoratus
702 3230 799 3308 atque
821 3217 1006 3283 huiusmodi
1026 3216 1225 3284 liberalitatis
1247 3240 1286 3282 ac

165 3304 344 3370 devotionis
376 3301 483 3370 studio
515 3305 701 3388 delectatus,
737 3304 772 3368 in
807 3302 927 3390 gaudio
960 3311 993 3366 et
1023 3301 1130 3366 leticia
1186 3304 1286 3366 ascha
1294 3337 1349 3388 apr,
1358 3334 1395 3378 22

164 3389 299 3453 Domini
326 3388 447 3454 ibidem
477 3390 658 3460 celebravit,
707 3389 760 3454 Ibi
787 3409 895 3452 comes
921 3383 1119 3467 Iuliacensis‚
1180 3385 1284 3450 dolfus

167 3493 274 3538 comes
296 3473 337 3538 de
351 3475 471 3558 Monte,
494 3497 602 3540 comes
624 3475 665 3539 de
680 3472 883 3538 Hoinstaden
904 3469 1022 3555 aliique
1045 3489 1142 3556 quam
1165 3469 1284 3556 plures,

164 3560 321 3643 premissa
341 3565 450 3624 tamen
464 3569 497 3624 et
511 3560 668 3646 promissa
684 3555 899 3624 satisfactione
914 3552 1083 3638 condigna,
1105 3553 1285 3619 interventu

165 3643 251 3726 regis
280 3643 387 3709 banno
417 3642 640 3726 absolvuntur3
672 3644 755 3708 inter
783 3661 864 3728 quos
897 3639 994 3703 etiam
1023 3645 1056 3702 et
1077 3635 1284 3702 Colonienses

165 3745 248 3811 pace
268 3749 345 3792 vera
366 3736 398 3792 et
412 3728 584 3793 concordia
597 3725 776 3792 inviolabili
796 3746 855 3811 per
875 3721 1018 3788 edictum
1038 3722 1128 3807 regie
1150 3742 1284 3786 censure

167 3811 376 3876 confirmata³
399 3813 549 3898 omnique
571 3811 790 3877 controversia
815 3807 997 3896 pacificata,
1023 3828 1083 3871 rex
1109 3805 1285 3871 interram

167 4036 191 4090 a)
207 4040 298 4080 tuturus
314 4039 361 4080 Ar.
422 4037 446 4092 b)
462 4041 487 4080 ln
503 4039 550 4081 At.
612 4038 633 4090 c)
650 4040 682 4080 ite
698 4037 748 4080 Aa.

169 4215 197 4284 1)
219 4216 320 4270 Gentio.
340 4217 400 4281 111,
424 4218 517 4286 vigilia
535 4217 639 4269 demum
653 4216 773 4284 paschae
795 4230 881 4282 repam
902 4211 1036 4265 Coloniam
1054 4210 1165 4276 uenisse,
1184 4211 1284 4273 tradit,-

168 4291 238 4355 qucd
269 4290 366 4342 rectius
399 4291 497 4342 dictum
522 4291 642 4355 videtur,
675 4307 734 4342 cum
762 4289 880 4354 catomo
906 4283 1101 4338 Coloniensibus
1128 4286 1172 4335 30.
1196 4283 1283 4349 April.

166 4363 270 4488 pilipp]
280 4364 313 4504 sp}
333 4361 465 4487 opollom'ae⁸
540 4363 569 4431 2)
588 4380 636 4432 per
655 4365 671 4414 9
693 4363 759 4427 dies,
779 4363 812 4416 u.
889 4357 918 4424 3)
935 4359 964 4412 V.
978 4357 1097 4425 diploma
1115 4375 1160 4424 ap.
1173 4357 1284 4408 Locum·

269 4475 275 4500 ‚
314 4476 321 4490 .
378 4474 385 4490 .
