<?xml version="1.0" encoding="UTF-8"?>
<!DOCTYPE html PUBLIC "-//W3C//DTD XHTML 1.0 Transitional//EN"
    "http://www.w3.org/TR/xhtml1/DTD/xhtml1-transitional.dtd">
<html xmlns="http://www.w3.org/1999/xhtml" xml:lang="en" lang="en">
 <head>
  <title>
</title>
<meta http-equiv="Content-Type" content="text/html;charset=utf-8" />
  <meta name='ocr-system' content='tesseract 3.04.00' />
  <meta name='ocr-capabilities' content='ocr_page ocr_carea ocr_par ocr_line ocrx_word'/>
</head>
<body>
  <div class='ocr_page' id='page_1' title='image "./chronicaregiaco00germgoog_0073.png"; bbox 0 0 3102 4978; ppageno 0'>
   <div class='ocr_carea' id='block_1_1' title="bbox 524 990 885 1059">
    <p class='ocr_par' dir='ltr' id='par_1_1' title="bbox 524 990 885 1059">
     <span class='ocr_line' id='line_1_1' title="bbox 524 990 885 1059; baseline 0.006 -5"><span class='ocrx_word' id='word_1_1' title='bbox 524 990 643 1059; x_wconf 81' lang='lat' dir='ltr'><em>PARS</em></span> <span class='ocrx_word' id='word_1_2' title='bbox 665 990 885 1057; x_wconf 81' lang='lat' dir='ltr'><em>SECUNDA</em></span> 
     </span>
    </p>
   </div>
   <div class='ocr_carea' id='block_1_2' title="bbox 465 1098 978 1144">
    <p class='ocr_par' dir='ltr' id='par_1_2' title="bbox 465 1098 978 1144">
     <span class='ocr_line' id='line_1_2' title="bbox 465 1098 978 1144; baseline 0.01 -5"><span class='ocrx_word' id='word_1_3' title='bbox 465 1111 490 1139; x_wconf 77' lang='lat' dir='ltr'>es:</span> <span class='ocrx_word' id='word_1_4' title='bbox 505 1098 629 1140; x_wconf 74' lang='lat' dir='ltr'><strong><em>Annalibus</em></strong></span> <span class='ocrx_word' id='word_1_5' title='bbox 643 1100 883 1141; x_wconf 77' lang='lat' dir='ltr'>Patierbsnnnsnsibus</span> <span class='ocrx_word' id='word_1_6' title='bbox 900 1107 978 1144; x_wconf 70' lang='lat' dir='ltr'>sanna.</span> 
     </span>
    </p>
   </div>
   <div class='ocr_carea' id='block_1_3' title="bbox 515 1194 892 1249">
    <p class='ocr_par' dir='ltr' id='par_1_3' title="bbox 515 1194 892 1249">
     <span class='ocr_line' id='line_1_3' title="bbox 515 1194 892 1249; baseline 0.008 -3"><span class='ocrx_word' id='word_1_7' title='bbox 515 1194 683 1248; x_wconf 80' lang='lat' dir='ltr'>Recensio</span> <span class='ocrx_word' id='word_1_8' title='bbox 703 1196 727 1248; x_wconf 91' lang='lat' dir='ltr'>I.</span> <span class='ocrx_word' id='word_1_9' title='bbox 747 1197 838 1249; x_wconf 85' lang='lat' dir='ltr'>codd.</span> <span class='ocrx_word' id='word_1_10' title='bbox 859 1199 892 1249; x_wconf 78' lang='lat' dir='ltr'>A.</span> 
     </span>
    </p>
   </div>
   <div class='ocr_carea' id='block_1_4' title="bbox 144 1279 1384 2635">
    <p class='ocr_par' dir='ltr' id='par_1_4' title="bbox 144 1279 1384 2635">
     <span class='ocr_line' id='line_1_4' title="bbox 221 1279 1342 1369; baseline 0.004 -25"><span class='ocrx_word' id='word_1_11' title='bbox 221 1280 342 1345; x_wconf 90' lang='lat' dir='ltr'>Verum</span> <span class='ocrx_word' id='word_1_12' title='bbox 375 1279 549 1345; x_wconf 90' lang='lat' dir='ltr'>Heinricus</span> <span class='ocrx_word' id='word_1_13' title='bbox 575 1281 863 1369; x_wconf 87' lang='lat' dir='ltr'>Magdeburgensis</span> <span class='ocrx_word' id='word_1_14' title='bbox 897 1284 1064 1369; x_wconf 85' lang='lat' dir='ltr'>episcopua</span> <span class='ocrx_word' id='word_1_15' title='bbox 1097 1293 1129 1349; x_wconf 92' lang='lat' dir='ltr'>et</span> <span class='ocrx_word' id='word_1_16' title='bbox 1155 1283 1342 1348; x_wconf 84' lang='lat' dir='ltr'>Brunonoe.</span> 
     </span>
     <span class='ocr_line' id='line_1_5' title="bbox 145 1365 1265 1453; baseline 0.003 -23"><span class='ocrx_word' id='word_1_17' title='bbox 145 1365 345 1430; x_wconf 84' lang='lat' dir='ltr'>Trevirensis</span> <span class='ocrx_word' id='word_1_18' title='bbox 360 1366 420 1431; x_wconf 89' lang='lat' dir='ltr'>iter</span> <span class='ocrx_word' id='word_1_19' title='bbox 434 1388 527 1430; x_wconf 89' lang='lat' dir='ltr'>suum</span> <span class='ocrx_word' id='word_1_20' title='bbox 542 1367 670 1431; x_wconf 82' lang='lat' dir='ltr'><strong>incaute</strong></span> <span class='ocrx_word' id='word_1_21' title='bbox 693 1366 907 1453; x_wconf 80' lang='lat' dir='ltr'>disponentes,</span> <span class='ocrx_word' id='word_1_22' title='bbox 929 1369 961 1431; x_wconf 91' lang='lat' dir='ltr'>in</span> <span class='ocrx_word' id='word_1_23' title='bbox 977 1367 1147 1433; x_wconf 83' lang='lat' dir='ltr'>Trendile¹</span> <span class='ocrx_word' id='word_1_24' title='bbox 1170 1370 1265 1433; x_wconf 90' lang='lat' dir='ltr'>inter-</span> 
     </span>
     <span class='ocr_line' id='line_1_6' title="bbox 147 1449 1264 1549; baseline 0.003 -36"><span class='ocrx_word' id='word_1_25' title='bbox 147 1451 233 1537; x_wconf 82' lang='lat' dir='ltr'>cepti</span> <span class='ocrx_word' id='word_1_26' title='bbox 255 1458 337 1532; x_wconf 84' lang='lat' dir='ltr'>sunt,</span> <span class='ocrx_word' id='word_1_27' title='bbox 360 1459 408 1515; x_wconf 84' lang='lat' dir='ltr'>set</span> <span class='ocrx_word' id='word_1_28' title='bbox 427 1472 492 1514; x_wconf 91' lang='lat' dir='ltr'>non</span> <span class='ocrx_word' id='word_1_29' title='bbox 511 1449 609 1549; x_wconf 89' lang='lat' dir='ltr'>paulo</span> <span class='ocrx_word' id='word_1_30' title='bbox 632 1461 740 1537; x_wconf 85' lang='lat' dir='ltr'>posta</span> <span class='ocrx_word' id='word_1_31' title='bbox 761 1453 908 1537; x_wconf 78' lang='lat' dir='ltr'>captione</span> <span class='ocrx_word' id='word_1_32' title='bbox 934 1452 1029 1516; x_wconf 88' lang='lat' dir='ltr'>soluti</span> <span class='ocrx_word' id='word_1_33' title='bbox 1051 1463 1264 1518; x_wconf 85' lang='lat' dir='ltr'>revertuntur.</span> 
     </span>
     <span class='ocr_line' id='line_1_7' title="bbox 220 1533 1369 1623; baseline 0 -24"><span class='ocrx_word' id='word_1_34' title='bbox 220 1533 316 1599; x_wconf 82' lang='lat' dir='ltr'>Oirca</span> <span class='ocrx_word' id='word_1_35' title='bbox 327 1534 606 1621; x_wconf 77' lang='lat' dir='ltr'>quadragesimam</span> <span class='ocrx_word' id='word_1_36' title='bbox 621 1557 741 1599; x_wconf 90' lang='lat' dir='ltr'>novum</span> <span class='ocrx_word' id='word_1_37' title='bbox 753 1546 785 1601; x_wconf 88' lang='lat' dir='ltr'>et</span> <span class='ocrx_word' id='word_1_38' title='bbox 795 1538 995 1601; x_wconf 84' lang='lat' dir='ltr'>tremendum</span> <span class='ocrx_word' id='word_1_39' title='bbox 1010 1538 1043 1601; x_wconf 89' lang='lat' dir='ltr'>in</span> <span class='ocrx_word' id='word_1_40' title='bbox 1055 1538 1122 1603; x_wconf 90' lang='lat' dir='ltr'>celo</span> <span class='ocrx_word' id='word_1_41' title='bbox 1138 1538 1266 1623; x_wconf 86' lang='lat' dir='ltr'>signum</span> <span class='ocrx_word' id='word_1_42' title='bbox 1275 1557 1338 1597; x_wconf 64' lang='lat' dir='ltr'>rsus.</span> <span class='ocrx_word' id='word_1_43' title='bbox 1347 1558 1369 1599; x_wconf 86' lang='lat' dir='ltr'>s.</span> 
     </span>
     <span class='ocr_line' id='line_1_8' title="bbox 145 1617 1265 1708; baseline 0.002 -26"><span class='ocrx_word' id='word_1_44' title='bbox 145 1619 305 1704; x_wconf 87' lang='lat' dir='ltr'>apparuit.</span> <span class='ocrx_word' id='word_1_45' title='bbox 349 1617 433 1682; x_wconf 87' lang='lat' dir='ltr'>Nam</span> <span class='ocrx_word' id='word_1_46' title='bbox 460 1641 519 1704; x_wconf 92' lang='lat' dir='ltr'>per</span> <span class='ocrx_word' id='word_1_47' title='bbox 541 1621 707 1685; x_wconf 88' lang='lat' dir='ltr'>continuas</span> <span class='ocrx_word' id='word_1_48' title='bbox 735 1630 800 1685; x_wconf 90' lang='lat' dir='ltr'>tres</span> <span class='ocrx_word' id='word_1_49' title='bbox 822 1621 1018 1686; x_wconf 84' lang='lat' dir='ltr'><strong>ebdomadas</strong></span> <span class='ocrx_word' id='word_1_50' title='bbox 1046 1632 1102 1687; x_wconf 86' lang='lat' dir='ltr'>aut</span> <span class='ocrx_word' id='word_1_51' title='bbox 1127 1620 1265 1708; x_wconf 88' lang='lat' dir='ltr'>amplius</span> 
     </span>
     <span class='ocr_line' id='line_1_9' title="bbox 144 1701 1267 1786; baseline 0.003 -19"><span class='ocrx_word' id='word_1_52' title='bbox 144 1724 256 1767; x_wconf 86' lang='lat' dir='ltr'>versus</span> <span class='ocrx_word' id='word_1_53' title='bbox 269 1702 468 1767; x_wconf 89' lang='lat' dir='ltr'>occidentem</span> <span class='ocrx_word' id='word_1_54' title='bbox 480 1701 569 1769; x_wconf 88' lang='lat' dir='ltr'>stella</span> <span class='ocrx_word' id='word_1_55' title='bbox 580 1703 751 1786; x_wconf 77' lang='lat' dir='ltr'>oriebatur,</span> <span class='ocrx_word' id='word_1_56' title='bbox 766 1705 890 1769; x_wconf 87' lang='lat' dir='ltr'>radium</span> <span class='ocrx_word' id='word_1_57' title='bbox 905 1704 1096 1770; x_wconf 84' lang='lat' dir='ltr'>latissimum</span> <span class='ocrx_word' id='word_1_58' title='bbox 1111 1707 1152 1771; x_wconf 84' lang='lat' dir='ltr'>ad</span> <span class='ocrx_word' id='word_1_59' title='bbox 1166 1707 1267 1770; x_wconf 86' lang='lat' dir='ltr'>instar</span> 
     </span>
     <span class='ocr_line' id='line_1_10' title="bbox 144 1785 1266 1876; baseline 0.003 -26"><span class='ocrx_word' id='word_1_60' title='bbox 144 1785 258 1852; x_wconf 88' lang='lat' dir='ltr'>solaris</span> <span class='ocrx_word' id='word_1_61' title='bbox 278 1787 437 1873; x_wconf 85' lang='lat' dir='ltr'>lampadis</span> <span class='ocrx_word' id='word_1_62' title='bbox 458 1809 591 1872; x_wconf 84' lang='lat' dir='ltr'>vespere</span> <span class='ocrx_word' id='word_1_63' title='bbox 614 1788 788 1853; x_wconf 87' lang='lat' dir='ltr'>occidentis</span> <span class='ocrx_word' id='word_1_64' title='bbox 809 1791 972 1870; x_wconf 84' lang='lat' dir='ltr'>emittens,</span> <span class='ocrx_word' id='word_1_65' title='bbox 1002 1800 1033 1854; x_wconf 92' lang='lat' dir='ltr'>et</span> <span class='ocrx_word' id='word_1_66' title='bbox 1054 1789 1182 1876; x_wconf 87' lang='lat' dir='ltr'>longam</span> <span class='ocrx_word' id='word_1_67' title='bbox 1206 1789 1266 1855; x_wconf 91' lang='lat' dir='ltr'>celi</span> 
     </span>
     <span class='ocr_line' id='line_1_11' title="bbox 144 1871 1265 1971; baseline 0.002 -35"><span class='ocrx_word' id='word_1_68' title='bbox 144 1880 267 1971; x_wconf 86' lang='lat' dir='ltr'>partem</span> <span class='ocrx_word' id='word_1_69' title='bbox 295 1893 408 1936; x_wconf 81' lang='lat' dir='ltr'>versus</span> <span class='ocrx_word' id='word_1_70' title='bbox 437 1872 590 1936; x_wconf 81' lang='lat' dir='ltr'>orientem</span> <span class='ocrx_word' id='word_1_71' title='bbox 617 1872 678 1936; x_wconf 89' lang='lat' dir='ltr'>hoe</span> <span class='ocrx_word' id='word_1_72' title='bbox 707 1871 876 1958; x_wconf 85' lang='lat' dir='ltr'>splendore</span> <span class='ocrx_word' id='word_1_73' title='bbox 904 1872 1114 1939; x_wconf 87' lang='lat' dir='ltr'>illuminabat.</span> <span class='ocrx_word' id='word_1_74' title='bbox 1163 1873 1265 1938; x_wconf 81' lang='lat' dir='ltr'>Filius</span> 
     </span>
     <span class='ocr_line' id='line_1_12' title="bbox 144 1955 1384 2042; baseline 0.001 -22"><span class='ocrx_word' id='word_1_75' title='bbox 144 1978 188 2020; x_wconf 87' lang='lat' dir='ltr'>rm</span> <span class='ocrx_word' id='word_1_76' title='bbox 214 1956 347 2020; x_wconf 84' lang='lat' dir='ltr'>cratoris</span> <span class='ocrx_word' id='word_1_77' title='bbox 361 1955 477 2020; x_wconf 86' lang='lat' dir='ltr'>festum</span> <span class='ocrx_word' id='word_1_78' title='bbox 498 1955 679 2042; x_wconf 86' lang='lat' dir='ltr'>palmarum</span> <span class='ocrx_word' id='word_1_79' title='bbox 694 1955 857 2038; x_wconf 75' lang='lat' dir='ltr'>Coloniae,</span> <span class='ocrx_word' id='word_1_80' title='bbox 880 1959 1035 2023; x_wconf 87' lang='lat' dir='ltr'>invitatus</span> <span class='ocrx_word' id='word_1_81' title='bbox 1056 1959 1097 2025; x_wconf 84' lang='lat' dir='ltr'>ab</span> <span class='ocrx_word' id='word_1_82' title='bbox 1119 1959 1264 2024; x_wconf 88' lang='lat' dir='ltr'>eiusdem</span> <span class='ocrx_word' id='word_1_83' title='bbox 1275 1974 1384 2016; x_wconf 69' lang='lat' dir='ltr'>Mare-1⁸.</span> 
     </span>
     <span class='ocr_line' id='line_1_13' title="bbox 144 1977 1383 2129; baseline 0.003 -25"><span class='ocrx_word' id='word_1_84' title='bbox 144 1977 231 2104; x_wconf 84' lang='lat' dir='ltr'>sedis</span> <span class='ocrx_word' id='word_1_85' title='bbox 254 2039 415 2125; x_wconf 89' lang='lat' dir='ltr'>episcopo,</span> <span class='ocrx_word' id='word_1_86' title='bbox 438 2041 514 2125; x_wconf 87' lang='lat' dir='ltr'>agit.</span> <span class='ocrx_word' id='word_1_87' title='bbox 557 2040 637 2105; x_wconf 90' lang='lat' dir='ltr'>Inde</span> <span class='ocrx_word' id='word_1_88' title='bbox 658 2039 856 2127; x_wconf 84' lang='lat' dir='ltr'>Aquisgrani</span> <span class='ocrx_word' id='word_1_89' title='bbox 885 2042 1003 2125; x_wconf 87' lang='lat' dir='ltr'>tendit,</span> <span class='ocrx_word' id='word_1_90' title='bbox 1032 2043 1155 2129; x_wconf 84' lang='lat' dir='ltr'>pascha</span> <span class='ocrx_word' id='word_1_91' title='bbox 1176 2042 1264 2128; x_wconf 91' lang='lat' dir='ltr'>apud</span> <span class='ocrx_word' id='word_1_92' title='bbox 1274 2061 1383 2106; x_wconf 63' lang='lat' dir='ltr'>Manno.</span> 
     </span>
     <span class='ocr_line' id='line_1_14' title="bbox 144 2123 1264 2211; baseline 0.004 -23"><span class='ocrx_word' id='word_1_93' title='bbox 144 2123 301 2190; x_wconf 91' lang='lat' dir='ltr'>Leodium</span> <span class='ocrx_word' id='word_1_94' title='bbox 322 2134 468 2206; x_wconf 87' lang='lat' dir='ltr'>acturus,</span> <span class='ocrx_word' id='word_1_95' title='bbox 495 2123 551 2188; x_wconf 92' lang='lat' dir='ltr'>ubi</span> <span class='ocrx_word' id='word_1_96' title='bbox 573 2135 664 2210; x_wconf 86' lang='lat' dir='ltr'>pater</span> <span class='ocrx_word' id='word_1_97' title='bbox 692 2128 761 2189; x_wconf 89' lang='lat' dir='ltr'>eius</span> <span class='ocrx_word' id='word_1_98' title='bbox 789 2134 865 2188; x_wconf 87' lang='lat' dir='ltr'>tune</span> <span class='ocrx_word' id='word_1_99' title='bbox 886 2125 1039 2211; x_wconf 86' lang='lat' dir='ltr'>temporis</span> <span class='ocrx_word' id='word_1_100' title='bbox 1068 2128 1264 2192; x_wconf 86' lang='lat' dir='ltr'>morabatur.</span> 
     </span>
     <span class='ocr_line' id='line_1_15' title="bbox 145 2208 1264 2308; baseline 0.002 -36"><span class='ocrx_word' id='word_1_101' title='bbox 145 2208 294 2308; x_wconf 80' lang='lat' dir='ltr'>Cumque</span> <span class='ocrx_word' id='word_1_102' title='bbox 323 2208 520 2294; x_wconf 83' lang='lat' dir='ltr'>Aquisgrani</span> <span class='ocrx_word' id='word_1_103' title='bbox 548 2209 703 2290; x_wconf 86' lang='lat' dir='ltr'>venisset,</span> <span class='ocrx_word' id='word_1_104' title='bbox 739 2209 895 2297; x_wconf 84' lang='lat' dir='ltr'>quosdam</span> <span class='ocrx_word' id='word_1_105' title='bbox 923 2232 1053 2276; x_wconf 87' lang='lat' dir='ltr'>suorum</span> <span class='ocrx_word' id='word_1_106' title='bbox 1081 2213 1184 2296; x_wconf 90' lang='lat' dir='ltr'>princi</span> <span class='ocrx_word' id='word_1_107' title='bbox 1209 2234 1264 2274; x_wconf 93' lang='lat' dir='ltr'>um</span> 
     </span>
     <span class='ocr_line' id='line_1_16' title="bbox 144 2233 1266 2379; baseline 0.002 -22"><span class='ocrx_word' id='word_1_108' title='bbox 144 2293 290 2378; x_wconf 80' lang='lat' dir='ltr'>premisit</span> <span class='ocrx_word' id='word_1_109' title='bbox 311 2293 481 2358; x_wconf 83' lang='lat' dir='ltr'>observare</span> <span class='ocrx_word' id='word_1_110' title='bbox 503 2303 644 2378; x_wconf 87' lang='lat' dir='ltr'>pontem,</span> <span class='ocrx_word' id='word_1_111' title='bbox 667 2294 743 2379; x_wconf 73' lang='lat' dir='ltr'>quia</span> <span class='ocrx_word' id='word_1_112' title='bbox 769 2303 857 2358; x_wconf 86' lang='lat' dir='ltr'>trans</span> <span class='ocrx_word' id='word_1_113' title='bbox 878 2295 1003 2358; x_wconf 84' lang='lat' dir='ltr'>Mosam</span> <span class='ocrx_word' id='word_1_114' title='bbox 1031 2294 1149 2359; x_wconf 89' lang='lat' dir='ltr'>flumen</span> <span class='ocrx_word' id='word_1_115' title='bbox 1176 2233 1266 2360; x_wconf 68' lang='lat' dir='ltr'>ducit</span> 
     </span>
     <span class='ocr_line' id='line_1_17' title="bbox 144 2376 1265 2476; baseline 0.003 -36"><span class='ocrx_word' id='word_1_116' title='bbox 144 2376 187 2441; x_wconf 89' lang='lat' dir='ltr'>ad</span> <span class='ocrx_word' id='word_1_117' title='bbox 203 2376 358 2476; x_wconf 91' lang='lat' dir='ltr'>oppidum</span> <span class='ocrx_word' id='word_1_118' title='bbox 373 2378 513 2464; x_wconf 86' lang='lat' dir='ltr'>Wegsaz</span> <span class='ocrx_word' id='word_1_119' title='bbox 523 2389 544 2443; x_wconf 82' lang='lat'>².</span> <span class='ocrx_word' id='word_1_120' title='bbox 577 2379 627 2442; x_wconf 91' lang='lat' dir='ltr'>lbi</span> <span class='ocrx_word' id='word_1_121' title='bbox 642 2377 814 2442; x_wconf 86' lang='lat' dir='ltr'>Heinricus</span> <span class='ocrx_word' id='word_1_122' title='bbox 836 2378 903 2443; x_wconf 87' lang='lat' dir='ltr'>dux</span> <span class='ocrx_word' id='word_1_123' title='bbox 918 2378 1144 2465; x_wconf 84' lang='lat' dir='ltr'>Lotharingiae</span> <span class='ocrx_word' id='word_1_124' title='bbox 1166 2380 1265 2444; x_wconf 88' lang='lat' dir='ltr'>filius-</span> 
     </span>
     <span class='ocr_line' id='line_1_18' title="bbox 147 2460 1264 2562; baseline 0.004 -37"><span class='ocrx_word' id='word_1_125' title='bbox 147 2484 209 2562; x_wconf 79' lang='lat' dir='ltr'>que</span> <span class='ocrx_word' id='word_1_126' title='bbox 231 2485 299 2527; x_wconf 84' lang='lat' dir='ltr'>erus</span> <span class='ocrx_word' id='word_1_127' title='bbox 314 2461 463 2548; x_wconf 85' lang='lat' dir='ltr'>Paganus</span> <span class='ocrx_word' id='word_1_128' title='bbox 485 2471 517 2527; x_wconf 90' lang='lat' dir='ltr'>et</span> <span class='ocrx_word' id='word_1_129' title='bbox 539 2460 734 2527; x_wconf 79' lang='lat' dir='ltr'>(iodefridus</span> <span class='ocrx_word' id='word_1_130' title='bbox 757 2462 796 2526; x_wconf 93' lang='lat' dir='ltr'>de</span> <span class='ocrx_word' id='word_1_131' title='bbox 818 2462 938 2528; x_wconf 88' lang='lat' dir='ltr'>Namut</span> <span class='ocrx_word' id='word_1_132' title='bbox 965 2464 1128 2531; x_wconf 83' lang='lat' dir='ltr'>venientes</span> <span class='ocrx_word' id='word_1_133' title='bbox 1154 2462 1264 2550; x_wconf 92' lang='lat' dir='ltr'>nilque</span> 
     </span>
     <span class='ocr_line' id='line_1_19' title="bbox 145 2546 1264 2635; baseline 0.002 -25"><span class='ocrx_word' id='word_1_134' title='bbox 145 2554 293 2611; x_wconf 80' lang='lat' dir='ltr'>timentes</span> <span class='ocrx_word' id='word_1_135' title='bbox 325 2547 500 2632; x_wconf 85' lang='lat' dir='ltr'>excipiunt,</span> <span class='ocrx_word' id='word_1_136' title='bbox 532 2546 709 2628; x_wconf 87' lang='lat' dir='ltr'>vulnerant,</span> <span class='ocrx_word' id='word_1_137' title='bbox 742 2547 912 2630; x_wconf 88' lang='lat' dir='ltr'>trucidant,</span> <span class='ocrx_word' id='word_1_138' title='bbox 943 2547 1062 2633; x_wconf 76' lang='lat' dir='ltr'>fugant,</span> <span class='ocrx_word' id='word_1_139' title='bbox 1114 2549 1264 2635; x_wconf 89' lang='lat' dir='ltr'>Denique</span> 
     </span>
    </p>
   </div>
   <div class='ocr_carea' id='block_1_5' title="bbox 486 2671 927 2727">
    <p class='ocr_par' dir='ltr' id='par_1_5' title="bbox 486 2671 927 2727">
     <span class='ocr_line' id='line_1_20' title="bbox 486 2671 927 2727; baseline 0.009 -4"><span class='ocrx_word' id='word_1_140' title='bbox 486 2671 649 2725; x_wconf 80' lang='lat' dir='ltr'>Recensio</span> <span class='ocrx_word' id='word_1_141' title='bbox 669 2673 710 2725; x_wconf 89' lang='grc' dir='ltr'>Π,</span> <span class='ocrx_word' id='word_1_142' title='bbox 732 2675 824 2727; x_wconf 87' lang='lat' dir='ltr'>codd.</span> <span class='ocrx_word' id='word_1_143' title='bbox 843 2675 878 2726; x_wconf 89' lang='lat' dir='ltr'>B.</span> <span class='ocrx_word' id='word_1_144' title='bbox 899 2671 927 2727; x_wconf 77' lang='grc'>0.</span> 
     </span>
    </p>
   </div>
   <div class='ocr_carea' id='block_1_6' title="bbox 545 2746 845 2791">
    <p class='ocr_par' dir='ltr' id='par_1_6' title="bbox 545 2746 845 2791">
     <span class='ocr_line' id='line_1_21' title="bbox 545 2746 845 2791; baseline 0.013 -6"><span class='ocrx_word' id='word_1_145' title='bbox 545 2748 644 2786; x_wconf 71' lang='lat' dir='ltr'>monachi</span> <span class='ocrx_word' id='word_1_146' title='bbox 658 2746 681 2788; x_wconf 79' lang='lat' dir='ltr'>S.</span> <span class='ocrx_word' id='word_1_147' title='bbox 697 2749 845 2791; x_wconf 77' lang='lat' dir='ltr'>Pansazsoais.</span> 
     </span>
    </p>
   </div>
   <div class='ocr_carea' id='block_1_7' title="bbox 146 2819 1265 3332">
    <p class='ocr_par' dir='ltr' id='par_1_7' title="bbox 146 2819 1264 3040">
     <span class='ocr_line' id='line_1_22' title="bbox 221 2819 1264 2892; baseline 0 -16"><span class='ocrx_word' id='word_1_148' title='bbox 221 2819 353 2892; x_wconf 74' lang='lat' dir='ltr'>[Verumb</span> <span class='ocrx_word' id='word_1_149' title='bbox 367 2825 532 2876; x_wconf 84' lang='lat' dir='ltr'>Heinricusc</span> <span class='ocrx_word' id='word_1_150' title='bbox 549 2823 772 2892; x_wconf 83' lang='lat' dir='ltr'>Madeburgensis</span> <span class='ocrx_word' id='word_1_151' title='bbox 793 2828 934 2892; x_wconf 89' lang='lat' dir='ltr'>episcopus</span> <span class='ocrx_word' id='word_1_152' title='bbox 954 2829 982 2876; x_wconf 84' lang='lat' dir='ltr'>et</span> <span class='ocrx_word' id='word_1_153' title='bbox 995 2825 1085 2876; x_wconf 90' lang='lat' dir='ltr'>Bruno</span> <span class='ocrx_word' id='word_1_154' title='bbox 1098 2825 1264 2877; x_wconf 86' lang='lat' dir='ltr'>Trevirensis</span> 
     </span>
     <span class='ocr_line' id='line_1_23' title="bbox 146 2897 1264 2966; baseline 0.002 -18"><span class='ocrx_word' id='word_1_155' title='bbox 146 2900 199 2948; x_wconf 88' lang='lat' dir='ltr'>iter</span> <span class='ocrx_word' id='word_1_156' title='bbox 211 2915 286 2950; x_wconf 86' lang='lat' dir='ltr'>snum</span> <span class='ocrx_word' id='word_1_157' title='bbox 302 2899 412 2948; x_wconf 88' lang='lat' dir='ltr'>incaute</span> <span class='ocrx_word' id='word_1_158' title='bbox 432 2899 613 2964; x_wconf 79' lang='lat' dir='ltr'>disponentes,</span> <span class='ocrx_word' id='word_1_159' title='bbox 630 2901 658 2948; x_wconf 91' lang='lat' dir='ltr'>in</span> <span class='ocrx_word' id='word_1_160' title='bbox 671 2900 797 2950; x_wconf 88' lang='lat' dir='ltr'>Trendile</span> <span class='ocrx_word' id='word_1_161' title='bbox 810 2900 954 2966; x_wconf 84' lang='lat' dir='ltr'>intercepti</span> <span class='ocrx_word' id='word_1_162' title='bbox 966 2904 1036 2959; x_wconf 88' lang='lat' dir='ltr'>sunt,</span> <span class='ocrx_word' id='word_1_163' title='bbox 1055 2897 1104 2950; x_wconf 85' lang='lat' dir='ltr'>sed</span> <span class='ocrx_word' id='word_1_164' title='bbox 1117 2915 1171 2950; x_wconf 89' lang='lat' dir='ltr'>non</span> <span class='ocrx_word' id='word_1_165' title='bbox 1183 2897 1264 2966; x_wconf 88' lang='lat' dir='ltr'>paulo</span> 
     </span>
     <span class='ocr_line' id='line_1_24' title="bbox 146 2970 693 3040; baseline 0.004 -18"><span class='ocrx_word' id='word_1_166' title='bbox 146 2978 208 3038; x_wconf 84' lang='lat' dir='ltr'>post</span> <span class='ocrx_word' id='word_1_167' title='bbox 227 2989 243 3022; x_wconf 85' lang='lat' dir='ltr'>a</span> <span class='ocrx_word' id='word_1_168' title='bbox 263 2973 387 3039; x_wconf 88' lang='lat' dir='ltr'>captione</span> <span class='ocrx_word' id='word_1_169' title='bbox 407 2970 488 3023; x_wconf 88' lang='lat' dir='ltr'>soluti</span> <span class='ocrx_word' id='word_1_170' title='bbox 506 2971 693 3040; x_wconf 78' lang='lat' dir='ltr'>revertunturl.</span> 
     </span>
    </p>

    <p class='ocr_par' dir='ltr' id='par_1_8' title="bbox 146 3043 1265 3332">
     <span class='ocr_line' id='line_1_25' title="bbox 222 3043 1264 3112; baseline -0.002 -16"><span class='ocrx_word' id='word_1_171' title='bbox 222 3045 302 3096; x_wconf 81' lang='lat' dir='ltr'>Circa</span> <span class='ocrx_word' id='word_1_172' title='bbox 321 3046 554 3112; x_wconf 74' lang='lat' dir='ltr'>quadragesimam</span> <span class='ocrx_word' id='word_1_173' title='bbox 574 3061 672 3098; x_wconf 88' lang='lat' dir='ltr'>novum</span> <span class='ocrx_word' id='word_1_174' title='bbox 692 3052 719 3097; x_wconf 86' lang='lat' dir='ltr'>et</span> <span class='ocrx_word' id='word_1_175' title='bbox 737 3044 904 3097; x_wconf 87' lang='lat' dir='ltr'>tremendum</span> <span class='ocrx_word' id='word_1_176' title='bbox 928 3045 957 3095; x_wconf 91' lang='lat' dir='ltr'>in</span> <span class='ocrx_word' id='word_1_177' title='bbox 977 3043 1036 3096; x_wconf 90' lang='lat' dir='ltr'>celo</span> <span class='ocrx_word' id='word_1_178' title='bbox 1056 3046 1161 3109; x_wconf 70' lang='lat' dir='ltr'>signum</span> <span class='ocrx_word' id='word_1_179' title='bbox 1180 3059 1264 3110; x_wconf 88' lang='lat' dir='ltr'>appa-</span> 
     </span>
     <span class='ocr_line' id='line_1_26' title="bbox 147 3113 1263 3185; baseline 0 -17"><span class='ocrx_word' id='word_1_180' title='bbox 147 3119 208 3169; x_wconf 89' lang='lat' dir='ltr'>ruit.</span> <span class='ocrx_word' id='word_1_181' title='bbox 240 3119 308 3170; x_wconf 86' lang='lat' dir='ltr'>Nam</span> <span class='ocrx_word' id='word_1_182' title='bbox 327 3135 376 3185; x_wconf 87' lang='lat' dir='ltr'>per</span> <span class='ocrx_word' id='word_1_183' title='bbox 392 3121 531 3171; x_wconf 84' lang='lat' dir='ltr'>continuas</span> <span class='ocrx_word' id='word_1_184' title='bbox 550 3126 604 3170; x_wconf 89' lang='lat' dir='ltr'>tres</span> <span class='ocrx_word' id='word_1_185' title='bbox 621 3118 786 3170; x_wconf 81' lang='lat' dir='ltr'>ebdomadas</span> <span class='ocrx_word' id='word_1_186' title='bbox 805 3113 873 3169; x_wconf 74' lang='lat' dir='ltr'>aut‘¹</span> <span class='ocrx_word' id='word_1_187' title='bbox 889 3118 1003 3184; x_wconf 87' lang='lat' dir='ltr'>amplias</span> <span class='ocrx_word' id='word_1_188' title='bbox 1022 3133 1116 3169; x_wconf 84' lang='lat' dir='ltr'>versus</span> <span class='ocrx_word' id='word_1_189' title='bbox 1138 3118 1263 3168; x_wconf 88' lang='lat' dir='ltr'>occiden-</span> 
     </span>
     <span class='ocr_line' id='line_1_27' title="bbox 147 3189 1265 3257; baseline 0.001 -15"><span class='ocrx_word' id='word_1_190' title='bbox 147 3197 203 3242; x_wconf 80' lang='lat' dir='ltr'>tem</span> <span class='ocrx_word' id='word_1_191' title='bbox 229 3192 308 3244; x_wconf 89' lang='lat' dir='ltr'>stella</span> <span class='ocrx_word' id='word_1_192' title='bbox 334 3192 483 3256; x_wconf 84' lang='lat' dir='ltr'>oriebatur,</span> <span class='ocrx_word' id='word_1_193' title='bbox 511 3194 614 3244; x_wconf 88' lang='lat' dir='ltr'>radium</span> <span class='ocrx_word' id='word_1_194' title='bbox 643 3193 801 3244; x_wconf 85' lang='lat' dir='ltr'>latissimum</span> <span class='ocrx_word' id='word_1_195' title='bbox 831 3192 866 3242; x_wconf 88' lang='lat' dir='ltr'>ad</span> <span class='ocrx_word' id='word_1_196' title='bbox 896 3193 981 3242; x_wconf 88' lang='lat' dir='ltr'>instar</span> <span class='ocrx_word' id='word_1_197' title='bbox 1009 3189 1104 3243; x_wconf 85' lang='lat' dir='ltr'>solaris</span> <span class='ocrx_word' id='word_1_198' title='bbox 1131 3191 1265 3257; x_wconf 78' lang='lat' dir='ltr'>lampadis</span> 
     </span>
     <span class='ocr_line' id='line_1_28' title="bbox 146 3264 1265 3332; baseline -0.003 -15"><span class='ocrx_word' id='word_1_199' title='bbox 146 3281 261 3332; x_wconf 85' lang='lat' dir='ltr'>vespere</span> <span class='ocrx_word' id='word_1_200' title='bbox 280 3266 429 3317; x_wconf 82' lang='lat' dir='ltr'>occidentis</span> <span class='ocrx_word' id='word_1_201' title='bbox 449 3267 581 3329; x_wconf 86' lang='lat' dir='ltr'>emittens,</span> <span class='ocrx_word' id='word_1_202' title='bbox 601 3273 629 3318; x_wconf 86' lang='lat' dir='ltr'>et</span> <span class='ocrx_word' id='word_1_203' title='bbox 646 3267 754 3330; x_wconf 85' lang='lat' dir='ltr'>longam</span> <span class='ocrx_word' id='word_1_204' title='bbox 774 3264 826 3315; x_wconf 91' lang='lat' dir='ltr'>celi</span> <span class='ocrx_word' id='word_1_205' title='bbox 845 3270 948 3331; x_wconf 82' lang='lat' dir='ltr'>partem</span> <span class='ocrx_word' id='word_1_206' title='bbox 962 3280 1054 3315; x_wconf 86' lang='lat' dir='ltr'>versus</span> <span class='ocrx_word' id='word_1_207' title='bbox 1068 3265 1196 3317; x_wconf 87' lang='lat' dir='ltr'>orientem</span> <span class='ocrx_word' id='word_1_208' title='bbox 1213 3266 1265 3315; x_wconf 88' lang='lat' dir='ltr'>hoc</span> 
     </span>
    </p>
   </div>
   <div class='ocr_carea' id='block_1_8' title="bbox 147 3329 1266 3564">
    <p class='ocr_par' dir='ltr' id='par_1_9' title="bbox 147 3329 1266 3564">
     <span class='ocr_line' id='line_1_29' title="bbox 147 3329 1264 3479; baseline 0 -84"><span class='ocrx_word' id='word_1_209' title='bbox 147 3345 290 3410; x_wconf 88' lang='lat' dir='ltr'>splendore</span> <span class='ocrx_word' id='word_1_210' title='bbox 312 3344 487 3396; x_wconf 79' lang='lat' dir='ltr'>illuminabat.</span> <span class='ocrx_word' id='word_1_211' title='bbox 533 3331 660 3421; x_wconf 77' lang='lat' dir='ltr'>[Ann00</span> <span class='ocrx_word' id='word_1_212' title='bbox 675 3332 809 3398; x_wconf 82' lang='lat' dir='ltr'>Domini</span> <span class='ocrx_word' id='word_1_213' title='bbox 825 3331 945 3479; x_wconf 52' lang='grc' dir='ltr'>110ῚῇΙ</span> <span class='ocrx_word' id='word_1_214' title='bbox 953 3329 1088 3396; x_wconf 74' lang='lat' dir='ltr'>Cometa</span> <span class='ocrx_word' id='word_1_215' title='bbox 1105 3331 1264 3417; x_wconf 80' lang='lat' dir='ltr'>apparuit.</span> 
     </span>
     <span class='ocr_line' id='line_1_30' title="bbox 147 3415 1266 3564; baseline -0.003 -84"><span class='ocrx_word' id='word_1_216' title='bbox 147 3416 279 3564; x_wconf 49' lang='lat' dir='ltr'>gnarum</span> <span class='ocrx_word' id='word_1_217' title='bbox 290 3417 301 3458; x_wconf 69' lang='lat' dir='ltr'>f</span> <span class='ocrx_word' id='word_1_218' title='bbox 314 3419 397 3482; x_wconf 88' lang='lat' dir='ltr'>inter</span> <span class='ocrx_word' id='word_1_219' title='bbox 410 3416 596 3482; x_wconf 90' lang='lat' dir='ltr'>Heinricum</span> <span class='ocrx_word' id='word_1_220' title='bbox 613 3419 845 3518; x_wconf 84' lang='lat' dir='ltr'>imperatorum</span> <span class='ocrx_word' id='word_1_221' title='bbox 867 3425 898 3480; x_wconf 90' lang='lat' dir='ltr'>et</span> <span class='ocrx_word' id='word_1_222' title='bbox 946 3415 1102 3479; x_wconf 90' lang='lat' dir='ltr'>einricum</span> <span class='ocrx_word' id='word_1_223' title='bbox 1123 3425 1266 3499; x_wconf 61' lang='lat' dir='ltr'>regemg,</span> 
     </span>
    </p>
   </div>
   <div class='ocr_carea' id='block_1_9' title="bbox 147 3499 1267 4099">
    <p class='ocr_par' dir='ltr' id='par_1_10' title="bbox 147 3499 1267 4099">
     <span class='ocr_line' id='line_1_31' title="bbox 171 3499 1266 3588; baseline -0.002 -24"><span class='ocrx_word' id='word_1_224' title='bbox 171 3499 249 3565; x_wconf 90' lang='lat' dir='ltr'>lium</span> <span class='ocrx_word' id='word_1_225' title='bbox 272 3502 736 3588; x_wconf 84' lang='lat' dir='ltr'>eins‚oontroversiaor1tnr].</span> <span class='ocrx_word' id='word_1_226' title='bbox 781 3500 868 3581; x_wconf 60' lang='lat' dir='ltr'>Quia</span> <span class='ocrx_word' id='word_1_227' title='bbox 891 3499 1063 3564; x_wconf 89' lang='lat' dir='ltr'>Heinricus</span> <span class='ocrx_word' id='word_1_228' title='bbox 1084 3520 1144 3562; x_wconf 86' lang='lat' dir='ltr'>rex</span> <span class='ocrx_word' id='word_1_229' title='bbox 1168 3513 1266 3562; x_wconf 76' lang='lat' dir='ltr'>seeum</span> 
     </span>
     <span class='ocr_line' id='line_1_32' title="bbox 147 3589 1265 3659; baseline -0.001 -18"><span class='ocrx_word' id='word_1_230' title='bbox 147 3591 296 3659; x_wconf 88' lang='lat' dir='ltr'>palmarum</span> <span class='ocrx_word' id='word_1_231' title='bbox 317 3591 428 3643; x_wconf 79' lang='lat' dir='ltr'>Colonia</span> <span class='ocrx_word' id='word_1_232' title='bbox 448 3594 512 3659; x_wconf 82' lang='lat' dir='ltr'>agit,</span> <span class='ocrx_word' id='word_1_233' title='bbox 531 3594 659 3645; x_wconf 66' lang='lat' dir='ltr'>inuictus</span> <span class='ocrx_word' id='word_1_234' title='bbox 678 3593 712 3642; x_wconf 86' lang='lat' dir='ltr'>ab</span> <span class='ocrx_word' id='word_1_235' title='bbox 733 3591 852 3644; x_wconf 86' lang='lat' dir='ltr'>eiusdem</span> <span class='ocrx_word' id='word_1_236' title='bbox 865 3590 937 3643; x_wconf 88' lang='lat' dir='ltr'>sedis</span> <span class='ocrx_word' id='word_1_237' title='bbox 951 3590 1165 3657; x_wconf 86' lang='lat' dir='ltr'>archiepiscopo.</span> <span class='ocrx_word' id='word_1_238' title='bbox 1197 3589 1265 3640; x_wconf 89' lang='lat' dir='ltr'>Inde</span> 
     </span>
     <span class='ocr_line' id='line_1_33' title="bbox 147 3663 1265 3733; baseline -0.002 -17"><span class='ocrx_word' id='word_1_239' title='bbox 147 3665 311 3732; x_wconf 83' lang='lat' dir='ltr'>Aquisgrani</span> <span class='ocrx_word' id='word_1_240' title='bbox 329 3666 428 3729; x_wconf 89' lang='lat' dir='ltr'>tendit,</span> <span class='ocrx_word' id='word_1_241' title='bbox 448 3667 550 3733; x_wconf 84' lang='lat' dir='ltr'>pascha</span> <span class='ocrx_word' id='word_1_242' title='bbox 570 3666 640 3733; x_wconf 88' lang='lat' dir='ltr'>apud</span> <span class='ocrx_word' id='word_1_243' title='bbox 660 3666 791 3717; x_wconf 87' lang='lat' dir='ltr'>Leodium</span> <span class='ocrx_word' id='word_1_244' title='bbox 811 3671 934 3726; x_wconf 85' lang='lat' dir='ltr'>acturus,</span> <span class='ocrx_word' id='word_1_245' title='bbox 958 3663 1005 3715; x_wconf 88' lang='lat' dir='ltr'>ubi</span> <span class='ocrx_word' id='word_1_246' title='bbox 1030 3669 1093 3714; x_wconf 87' lang='lat' dir='ltr'>tanc</span> <span class='ocrx_word' id='word_1_247' title='bbox 1112 3669 1189 3730; x_wconf 87' lang='lat' dir='ltr'>pater</span> <span class='ocrx_word' id='word_1_248' title='bbox 1208 3664 1265 3714; x_wconf 86' lang='lat' dir='ltr'>eius</span> 
     </span>
     <span class='ocr_line' id='line_1_34' title="bbox 147 3735 1265 3806; baseline -0.002 -17"><span class='ocrx_word' id='word_1_249' title='bbox 147 3739 308 3790; x_wconf 81' lang='lat' dir='ltr'>morabatur.</span> <span class='ocrx_word' id='word_1_250' title='bbox 348 3738 468 3805; x_wconf 80' lang='lat' dir='ltr'>Cumque</span> <span class='ocrx_word' id='word_1_251' title='bbox 487 3735 665 3806; x_wconf 77' lang='lat' dir='ltr'>Aquisgranii</span> <span class='ocrx_word' id='word_1_252' title='bbox 684 3741 810 3802; x_wconf 83' lang='lat' dir='ltr'>venisset,</span> <span class='ocrx_word' id='word_1_253' title='bbox 833 3737 963 3805; x_wconf 88' lang='lat' dir='ltr'>quosdam</span> <span class='ocrx_word' id='word_1_254' title='bbox 982 3753 1088 3789; x_wconf 89' lang='lat' dir='ltr'>suorum</span> <span class='ocrx_word' id='word_1_255' title='bbox 1114 3737 1265 3804; x_wconf 88' lang='lat' dir='ltr'>principum</span> 
     </span>
     <span class='ocr_line' id='line_1_35' title="bbox 147 3810 1264 3880; baseline 0 -18"><span class='ocrx_word' id='word_1_256' title='bbox 147 3814 270 3879; x_wconf 84' lang='lat' dir='ltr'>premisit</span> <span class='ocrx_word' id='word_1_257' title='bbox 288 3813 431 3864; x_wconf 83' lang='lat' dir='ltr'>observare</span> <span class='ocrx_word' id='word_1_258' title='bbox 451 3819 568 3880; x_wconf 89' lang='lat' dir='ltr'>pontem,</span> <span class='ocrx_word' id='word_1_259' title='bbox 588 3814 634 3880; x_wconf 89' lang='lat' dir='ltr'>qui</span> <span class='ocrx_word' id='word_1_260' title='bbox 653 3819 726 3864; x_wconf 88' lang='lat' dir='ltr'>trans</span> <span class='ocrx_word' id='word_1_261' title='bbox 745 3813 849 3864; x_wconf 84' lang='lat' dir='ltr'>Mosam</span> <span class='ocrx_word' id='word_1_262' title='bbox 869 3813 976 3864; x_wconf 86' lang='lat' dir='ltr'>fluvium</span> <span class='ocrx_word' id='word_1_263' title='bbox 995 3810 1075 3862; x_wconf 86' lang='lat' dir='ltr'>ducit.</span> <span class='ocrx_word' id='word_1_264' title='bbox 1089 3811 1123 3863; x_wconf 85' lang='lat' dir='ltr'>ad</span> <span class='ocrx_word' id='word_1_265' title='bbox 1137 3811 1264 3877; x_wconf 89' lang='lat' dir='ltr'>oppidum</span> 
     </span>
     <span class='ocr_line' id='line_1_36' title="bbox 147 3883 1267 3952; baseline -0.002 -16"><span class='ocrx_word' id='word_1_266' title='bbox 147 3886 274 3950; x_wconf 79' lang='lat' dir='ltr'>Wegsaa.</span> <span class='ocrx_word' id='word_1_267' title='bbox 316 3887 360 3936; x_wconf 92' lang='lat' dir='ltr'>Ibi</span> <span class='ocrx_word' id='word_1_268' title='bbox 384 3887 529 3938; x_wconf 88' lang='lat' dir='ltr'>Heinricus</span> <span class='ocrx_word' id='word_1_269' title='bbox 561 3887 614 3937; x_wconf 85' lang='lat' dir='ltr'>dux</span> <span class='ocrx_word' id='word_1_270' title='bbox 639 3887 813 3952; x_wconf 81' lang='lat' dir='ltr'>Lotharingie</span> <span class='ocrx_word' id='word_1_271' title='bbox 834 3893 860 3936; x_wconf 86' lang='lat' dir='ltr'>et</span> <span class='ocrx_word' id='word_1_272' title='bbox 882 3886 1016 3950; x_wconf 77' lang='lat' dir='ltr'>Paganns,</span> <span class='ocrx_word' id='word_1_273' title='bbox 1046 3883 1116 3936; x_wconf 85' lang='lat' dir='ltr'>lilius</span> <span class='ocrx_word' id='word_1_274' title='bbox 1143 3887 1208 3945; x_wconf 89' lang='lat' dir='ltr'>eius,</span> <span class='ocrx_word' id='word_1_275' title='bbox 1239 3890 1267 3934; x_wconf 84' lang='lat' dir='ltr'>et</span> 
     </span>
     <span class='ocr_line' id='line_1_37' title="bbox 148 3959 1264 4025; baseline -0.002 -15"><span class='ocrx_word' id='word_1_276' title='bbox 148 3959 310 4010; x_wconf 85' lang='lat' dir='ltr'>Godefridns</span> <span class='ocrx_word' id='word_1_277' title='bbox 342 3975 457 4012; x_wconf 89' lang='lat' dir='ltr'>comes</span> <span class='ocrx_word' id='word_1_278' title='bbox 492 3959 525 4011; x_wconf 89' lang='lat' dir='ltr'>de</span> <span class='ocrx_word' id='word_1_279' title='bbox 549 3961 648 4012; x_wconf 87' lang='lat' dir='ltr'>Namut</span> <span class='ocrx_word' id='word_1_280' title='bbox 678 3962 820 4011; x_wconf 85' lang='lat' dir='ltr'>venientes</span> <span class='ocrx_word' id='word_1_281' title='bbox 847 3959 938 4025; x_wconf 88' lang='lat' dir='ltr'>nilque</span> <span class='ocrx_word' id='word_1_282' title='bbox 968 3960 1093 4009; x_wconf 87' lang='lat' dir='ltr'>timentes</span> <span class='ocrx_word' id='word_1_283' title='bbox 1118 3959 1264 4024; x_wconf 81' lang='lat' dir='ltr'>excipiunt,</span> 
     </span>
     <span class='ocr_line' id='line_1_38' title="bbox 147 4031 1265 4099; baseline -0.002 -15"><span class='ocrx_word' id='word_1_284' title='bbox 147 4031 298 4096; x_wconf 83' lang='lat' dir='ltr'>vulnerant,</span> <span class='ocrx_word' id='word_1_285' title='bbox 317 4033 460 4097; x_wconf 81' lang='lat' dir='ltr'>trucidant,</span> <span class='ocrx_word' id='word_1_286' title='bbox 478 4033 581 4099; x_wconf 81' lang='lat' dir='ltr'>fugant,</span> <span class='ocrx_word' id='word_1_287' title='bbox 601 4034 659 4084; x_wconf 90' lang='lat' dir='ltr'>ubi</span> <span class='ocrx_word' id='word_1_288' title='bbox 678 4033 714 4084; x_wconf 87' lang='lat' dir='ltr'>ad</span> <span class='ocrx_word' id='word_1_289' title='bbox 734 4035 787 4084; x_wconf 81' lang='lat'>200</span> <span class='ocrx_word' id='word_1_290' title='bbox 807 4035 911 4099; x_wconf 88' lang='lat' dir='ltr'>equites</span> <span class='ocrx_word' id='word_1_291' title='bbox 932 4033 1115 4097; x_wconf 81' lang='lat' dir='ltr'>dimerguntur</span> <span class='ocrx_word' id='word_1_292' title='bbox 1135 4037 1162 4082; x_wconf 90' lang='lat' dir='ltr'>et</span> <span class='ocrx_word' id='word_1_293' title='bbox 1175 4031 1265 4097; x_wconf 90' lang='lat' dir='ltr'>plures</span> 
     </span>
    </p>
   </div>
   <div class='ocr_carea' id='block_1_10' title="bbox 146 4155 1265 4332">
    <p class='ocr_par' dir='ltr' id='par_1_11' title="bbox 146 4155 1265 4332">
     <span class='ocr_line' id='line_1_39' title="bbox 146 4155 1264 4213; baseline -0.003 -12"><span class='ocrx_word' id='word_1_294' title='bbox 146 4158 300 4212; x_wconf 77' lang='lat' dir='ltr'>a)queA1.</span> <span class='ocrx_word' id='word_1_295' title='bbox 331 4176 360 4197; x_wconf 91' lang='lat'>=</span> <span class='ocrx_word' id='word_1_296' title='bbox 389 4161 413 4213; x_wconf 89' lang='lat' dir='ltr'>b)</span> <span class='ocrx_word' id='word_1_297' title='bbox 430 4161 481 4201; x_wconf 75' lang='lat' dir='ltr'>baec</span> <span class='ocrx_word' id='word_1_298' title='bbox 495 4161 538 4202; x_wconf 70' lang='lat' dir='ltr'>des.</span> <span class='ocrx_word' id='word_1_299' title='bbox 555 4161 604 4202; x_wconf 78' lang='lat'>1³1.</span> <span class='ocrx_word' id='word_1_300' title='bbox 621 4161 665 4203; x_wconf 66' lang='grc' dir='ltr'>Οἱ.</span> <span class='ocrx_word' id='word_1_301' title='bbox 740 4159 761 4212; x_wconf 89' lang='lat' dir='ltr'>c)</span> <span class='ocrx_word' id='word_1_302' title='bbox 778 4161 894 4201; x_wconf 82' lang='lat' dir='ltr'>nenncus</span> <span class='ocrx_word' id='word_1_303' title='bbox 909 4160 944 4200; x_wconf 86' lang='lat'>01</span> <span class='ocrx_word' id='word_1_304' title='bbox 960 4170 1048 4209; x_wconf 71' lang='lat' dir='ltr'>semper.</span> <span class='ocrx_word' id='word_1_305' title='bbox 1123 4155 1264 4210; x_wconf 75' lang='lat' dir='ltr'>d)ve102.</span> 
     </span>
     <span class='ocr_line' id='line_1_40' title="bbox 147 4215 1265 4272; baseline -0.003 -12"><span class='ocrx_word' id='word_1_306' title='bbox 147 4219 170 4271; x_wconf 87' lang='lat' dir='ltr'>e)</span> <span class='ocrx_word' id='word_1_307' title='bbox 185 4221 217 4260; x_wconf 79' lang='lat' dir='ltr'>ita</span> <span class='ocrx_word' id='word_1_308' title='bbox 232 4222 292 4261; x_wconf 83' lang='lat' dir='ltr'>solus</span> <span class='ocrx_word' id='word_1_309' title='bbox 307 4221 349 4261; x_wconf 83' lang='lat'>01.</span> <span class='ocrx_word' id='word_1_310' title='bbox 424 4218 509 4271; x_wconf 71' lang='lat' dir='ltr'>obsec</span> <span class='ocrx_word' id='word_1_311' title='bbox 523 4220 566 4261; x_wconf 76' lang='lat' dir='ltr'>dea.</span> <span class='ocrx_word' id='word_1_312' title='bbox 583 4221 629 4260; x_wconf 86' lang='lat'>01.</span> <span class='ocrx_word' id='word_1_313' title='bbox 703 4218 727 4272; x_wconf 74' lang='lat' dir='ltr'>g)</span> <span class='ocrx_word' id='word_1_314' title='bbox 744 4221 800 4260; x_wconf 78' lang='lat' dir='ltr'>deest</span> <span class='ocrx_word' id='word_1_315' title='bbox 814 4219 859 4261; x_wconf 78' lang='lat'>02.</span> <span class='ocrx_word' id='word_1_316' title='bbox 932 4215 957 4270; x_wconf 78' lang='lat' dir='ltr'>h)</span> <span class='ocrx_word' id='word_1_317' title='bbox 973 4219 1047 4258; x_wconf 75' lang='lat' dir='ltr'>Filius</span> <span class='ocrx_word' id='word_1_318' title='bbox 1064 4219 1211 4268; x_wconf 81' lang='lat' dir='ltr'>imperatoris</span> <span class='ocrx_word' id='word_1_319' title='bbox 1226 4217 1265 4256; x_wconf 79' lang='lat' dir='ltr'>Ol</span> 
     </span>
     <span class='ocr_line' id='line_1_41' title="bbox 146 4277 464 4332; baseline 0.006 -13"><span class='ocrx_word' id='word_1_320' title='bbox 146 4279 181 4332; x_wconf 72' lang='lat' dir='ltr'>(aa</span> <span class='ocrx_word' id='word_1_321' title='bbox 196 4277 235 4331; x_wconf 80' lang='lat' dir='ltr'>A).</span> <span class='ocrx_word' id='word_1_322' title='bbox 293 4280 464 4332; x_wconf 58' lang='lat' dir='ltr'>inquiam.</span> 
     </span>
    </p>
   </div>
   <div class='ocr_carea' id='block_1_11' title="bbox 149 4400 507 4470">
    <p class='ocr_par' dir='ltr' id='par_1_12' title="bbox 149 4400 507 4470">
     <span class='ocr_line' id='line_1_42' title="bbox 149 4400 507 4470; baseline 0.008 -19"><span class='ocrx_word' id='word_1_323' title='bbox 149 4400 177 4467; x_wconf 85' lang='lat'>1)</span> <span class='ocrx_word' id='word_1_324' title='bbox 196 4403 297 4455; x_wconf 83' lang='lat' dir='ltr'>Trient.</span> <span class='ocrx_word' id='word_1_325' title='bbox 372 4402 401 4470; x_wconf 80' lang='lat'>2)</span> <span class='ocrx_word' id='word_1_326' title='bbox 421 4403 507 4456; x_wconf 82' lang='lat' dir='ltr'>Visst.</span> 
     </span>
    </p>
   </div>
   <div class='ocr_carea' id='block_1_12' title="bbox 0 0 1559 4978">
    <p class='ocr_par' dir='ltr' id='par_1_13' title="bbox 0 0 1559 4978">
     <span class='ocr_line' id='line_1_43' title="bbox 0 0 1559 4978; baseline 0 0"><span class='ocrx_word' id='word_1_327' title='bbox 0 0 1559 4978; x_wconf 95' lang='lat' dir='ltr'> </span> 
     </span>
    </p>
   </div>
  </div>
 </body>
</html>
