3102 4978
310 417 401 470 XXIV
587 414 774 467 cnssoulee
793 415 906 468 REGIA
926 415 1180 470 OOLONIENSIS.

310 587 405 649 immo
429 593 540 669 aperte
570 577 774 668 deprecavit.
817 582 1075 669 Nonnumquam
1093 586 1237 670 propius
1260 587 1306 650 ael
1329 586 1429 654 Chro-

310 670 420 734 nicam
446 670 574 754 repiam
604 667 729 732 accedit
735 716 745 749 ,
775 669 825 732 ita
856 677 893 730 ut
922 667 961 732 ac
990 669 1098 733 coelem
1125 678 1257 734 auctore
1285 693 1321 736 co
1345 674 1431 738 itare

303 755 427 840 possis.
453 750 563 826 Quare
579 773 618 815 ea
634 751 746 816 saltem
761 775 833 816 cum
854 751 1026 817 lectoribus
1048 757 1286 818 communicare
1298 695 1431 840 placuit

310 861 394 924 quae
415 859 456 900 ca
468 834 622 920 fontibus
645 837 683 900 clc
709 836 823 900 erditis
846 835 968 900 hausta
988 846 1074 901 sunt.

402 921 489 986 VIII.
531 921 644 986 Etiam
700 921 837 986 osuini
859 941 1002 1002 carmen,
1024 923 1062 985 in
1076 919 1304 1006 Scriptoribus
1318 945 1429 990 rerum

308 1005 596 1092 Portupalcnsium
619 1003 851 1091 (Portupaliae
878 1014 1087 1070 monumenta
1108 1006 1136 1086 I,
1158 1027 1197 1089 p.
1222 1006 1300 1087 102)
1321 1031 1429 1093 nuper

307 1093 426 1154 iterum
448 1091 579 1170 editum,
609 1091 695 1154 iuter
717 1097 877 1153 nostrates
898 1110 972 1153 uero
1001 1111 1180 1176 numquam
1195 1089 1330 1174 publico
1359 1094 1428 1160 iuri

308 1175 432 1255 datum,
455 1175 576 1239 addere
595 1173 734 1258 placuit.
778 1173 951 1238 Auctorem
971 1174 1058 1238 inter
1073 1175 1326 1259 crucesipuatos,
1347 1199 1426 1262 quo·

308 1281 382 1323 rum
404 1267 494 1344 pecta
515 1257 730 1338 celebrantur,
753 1258 975 1343 quaerendum
990 1279 1067 1338 esse,
1089 1259 1193 1322 editor
1207 1269 1289 1323 recte
1306 1261 1428 1345 procul
1530 1263 1531 1322 l

308 1342 407 1407 <lubio
422 1344 567 1423 monuit,·
590 1343 627 1406 id
649 1343 737 1425 quoel
758 1363 825 1405 uon
853 1341 956 1407 solum
985 1343 1114 1407 nomine
1136 1343 1305 1428 Hispanis
1334 1346 1428 1410 houcl

308 1429 438 1506 usitato,
460 1427 516 1490 secl
534 1428 729 1509 praesertim
749 1427 795 1490 iis
821 1425 1050 1511 comprobatur
1071 1449 1154 1526 puae
1176 1450 1248 1491 cum
1268 1427 1427 1494 relatione

308 1533 414 1596 supra
454 1511 605 1575 indicata
640 1513 826 1576 communia
858 1511 960 1575 habet.
1014 1511 1179 1596 Episcopo
1211 1534 1286 1576 uero
1322 1513 1425 1590 Ulisi·
1529 1505 1531 1520 ⁴

308 1593 442 1659 bariensi
469 1593 587 1659 Suerio
620 1594 805 1659 dedicatum
831 1603 886 1659 est.
929 1594 1042 1679 Ipsius
1068 1605 1096 1658 et
1124 1598 1270 1660 auctoris
1291 1599 1426 1662 nomina

307 1679 424 1826 lahem
445 1678 631 1744 initialibus
648 1679 687 1742 15
703 1680 867 1763 partiunt,
888 1680 925 1742 in
948 1700 1031 1763 quas
1053 1702 1183 1744 carmen
1205 1679 1347 1745 diuisum
1369 1691 1425 1763 est,

308 1765 345 1827 iu
369 1765 512 1828 icantur.

391 1847 448 1910 IX.
499 1846 651 1911 Ultimum
685 1855 769 1912 tenet
802 1846 907 1912 locum
935 1846 1120 1910 Martini
1154 1846 1424 1914 Continuatio

310 1929 547 1997 Coloniensi
554 1955 580 2012 s,
602 1954 700 2016 quam
721 1931 868 1996 noudum
887 1931 1008 1994 solitam
1022 1953 1124 2016 neque
1134 1933 1301 2015 prosimis
1324 1935 1424 1997 annis

307 2017 344 2079 iu
366 2014 572 2101 Scriptorum
595 2013 776 2088 collectione
802 2014 962 2080 edendam
984 2015 1037 2078 hic
1055 2016 1308 2099 proponendum
1330 2017 1424 2082 duni.

307 2100 440 2185 Deque
460 2100 492 2164 V.
511 2099 555 2166 Cl.
575 2099 762 2180 Cardauns,
783 2101 841 2185 qui
860 2100 1032 2164 editionem
1047 2100 1196 2183 parauit,
1217 2101 1266 2162 ita
1280 2103 1423 2166 monuit:

392 2183 515 2248 ‘Huius
551 2185 708 2249 historiae
743 2187 863 2248 unicus
899 2191 1004 2246 elostat
1039 2184 1156 2263 coelen,
1200 2181 1276 2248 olim
1311 2206 1423 2249 mona·

307 2269 400 2332 elerii
427 2267 571 2332 Sanctae
595 2268 710 2335 Crucis
739 2270 777 2331 in
803 2267 889 2352 Lysa
914 2290 984 2347 ora,
1013 2269 1049 2330 iu
1071 2267 1270 2351 palatinatu
1292 2267 1422 2334 Sando-

307 2353 470 2431 mirieusi,
514 2361 579 2416 tum
616 2351 822 2415 bibliothecae
864 2289 1083 2415 illustrissimi
1118 2353 1242 2415 comitis
1279 2354 1333 2416 Au
1358 2355 1424 2417 usti

307 2435 441 2499 Potochi
468 2433 819 2515 Wilcnouiauae,·
850 2435 906 2498 ubi
932 2457 1004 2499 enom
1033 2433 1219 2500 Wilhelmus
1247 2439 1320 2500 Aru
1345 2445 1357 2498 t
1384 2441 1422 2502 iu

308 2521 426 2584 itinere
453 2541 512 2584 suo
534 2519 687 2584 Polonico
706 2516 854 2603 feliciter
882 2520 1011 2600 detexit,
1038 2521 1209 2603 ipsumque
1232 2520 1423 2585 Bcrolinum

307 2605 538 2667 transmissum
561 2627 592 2666 a.
623 2601 714 2668 1865.
740 2604 924 2687 suscripsit.
967 2603 1028 2666 Est
1048 2604 1241 2668 chartaceus
1263 2607 1300 2668 in
1320 2605 1421 2688 folio,

308 2689 462 2773 sipuatus
491 2709 543 2750 nr.
570 2688 600 2769 2,
634 2686 759 2752 saeculi
786 2687 874 2751 XIV.
931 2686 1079 2752 Continet
1111 2691 1149 2768 a)
1170 2687 1206 2772 f.
1230 2688 1257 2752 1.
1280 2689 1423 2754 Martini
1530 2701 1531 2754 Ξ

314 2771 533 2859 Oppouicnsis
548 2772 747 2852 chronicam,
769 2793 868 2854 quam
889 2773 927 2834 in
942 2772 1040 2834 verba
1050 2795 1060 2834 :
1083 2793 1140 2835 rex
1156 2773 1257 2838 eciam
1272 2772 1420 2855 Navcrie,
1530 2789 1531 2828 t

332 2857 365 2918 ui
386 2855 532 2919 infirmus
556 2855 595 2920 dc
617 2855 740 2918 Affricu
761 2864 969 2939 processerat,
996 2857 1030 2919 in
1053 2853 1196 2920 Siciliam
1217 2857 1347 2921 veniens
1369 2857 1422 2922 de-

307 2877 435 3004 iunctus
465 2948 513 3004 est
537 2948 723 3020 eroeuntem,
758 2940 867 3002 statim
898 2941 1021 3024 ancipit
1051 2941 1191 3004 historia
1219 2951 1333 3006 nostra
1353 2939 1420 3024 fol.

310 3023 495 3106 173-179;
528 3023 563 3105 b)
583 3023 718 3109 f.179.
763 3023 956 3109 Catalopum
984 3024 1306 3109 archiepiscoporum
1330 3023 1420 3092 Colo·
1525 3061 1528 3070 ·

308 3110 472 3173 niensium
489 3109 546 3191 (de
561 3130 622 3192 quo
637 3131 665 3173 u.
682 3107 745 3173 SS.
760 3108 877 3186 XXIV,
895 3131 934 3192 p.
950 3107 1050 3188 334);
1087 3108 1166 3192 c)f.
1183 3108 1253 3176 188.
1292 3111 1421 3174 Hodoe·

304 3195 443 3276 poricou
470 3191 516 3256 ad
539 3194 671 3256 Terram
694 3191 850 3257 Curictam
904 3214 939 3255 er
960 3192 1097 3256 nobilem
1117 3193 1249 3258 militem
1271 3192 1420 3258 Cuilhel-

307 3298 394 3341 mum
409 3272 617 3359 Bolclenselc;
650 3277 689 3358 ol)
703 3277 736 3426 ζ
756 3275 828 3340 201.
917 3276 968 3339 csb
992 3279 1053 3340 teri
1066 3277 1230 3340 Iohannis
1251 3277 1420 3361 epistolam

309 3362 354 3425 acl
382 3361 625 3426 Emmarmelcm
657 3385 702 3448 pu
723 3370 905 3426 eructarem
974 3360 1203 3447 ierosolymam
1234 3365 1267 3441 e)
1287 3359 1321 3444 f.
1347 3361 1419 3432 203,

308 3445 421 3510 Iacchi
443 3446 481 3510 de
500 3445 639 3511 Vitriaco
654 3445 852 3511 Acconensis
873 3444 1020 3528 episcopi
1041 3444 1213 3508 historiam
1231 3445 1383 3509 Hierosol
1407 3485 1419 3494 ·

307 3532 467 3594 mitonem
473 3551 486 3610 ;
510 3529 552 3615 f)
566 3529 599 3615 f.
620 3531 694 3594 259.
738 3527 954 3592 Patriarcbae
979 3527 1191 3593 Constantino
1219 3527 1337 3594 olitaui
1365 3470 1418 3594 clh-
1530 3541 1531 3544 ’

307 3616 517 3698 scriptionem
533 3617 651 3678 Terrae
667 3614 829 3693 Sanctam·
854 3615 901 3758 la)
913 3611 947 3696 f.
964 3611 1036 3676 274.
1065 3551 1258 3759 Bopcpprhali
1273 3616 1382 3699 episco
1407 3617 1421 3678 i

308 3699 544 3762 Pornaniensis
558 3704 575 3781 (
576 3701 714 3762 rectius:
736 3696 852 3762 Cloelis
867 3697 903 3762 ai
917 3705 1126 3782 capnomento
1174 3696 1264 3762 lusco
1279 3708 1366 3762 custo
1391 3700 1421 3762 is

307 3783 561 3863 Poenaniensis)
584 3783 761 3848 chronicon
781 3780 996 3860 Polonorum;
1030 3781 1068 3861 h)
1080 3779 1115 3865 f.
1138 3781 1210 3846 330.
1253 3783 1422 3868 Anonymi

309 3867 540 3932 archidiaconi
556 3865 753 3932 Cncznensis
766 3866 962 3932 Chronicam
979 3863 1157 3931 Cracouiac
1175 3875 1204 3930 et
1218 3867 1420 3931 diuersorum

307 3950 464 4015 Poloniae
488 3951 663 4016 annalium
675 3949 882 4037 frapmenta.

391 4035 442 4098 De
471 4045 602 4100 auctore
622 4037 781 4100 historiae
805 4043 937 4098 nostroe
968 4034 1027 4096 uin
1061 4043 1202 4116 constat,
1237 4035 1304 4098 nisi
1333 4033 1422 4119 quod

310 4119 464 4186 Coloniae
485 4121 612 4185 uidetur
638 4121 768 4184 ciuisse.
811 4119 945 4182 Librum
972 4139 1061 4182 anno
1086 4117 1420 4182 lucubationem

275 4197 277 4202 Α
307 4227 372 4270 non
396 4214 474 4289 post
506 4227 631 4269 annum
656 4204 747 4268 1330.
780 4225 847 4266 esse
879 4203 1099 4283 compositum,
1133 4212 1281 4288 arpuunt
1311 4202 1419 4283 uerba,

308 4289 425 4375 quibus
457 4291 561 4353 utitur
594 4298 707 4352 auctor
739 4288 778 4351 ele
810 4287 979 4350 Fridcrico
1018 4306 1092 4370 repe
1124 4291 1197 4370 per'
1217 4287 1419 4350 Luclouicum

308 4375 537 4439 adversarium
572 4395 611 4436 en
647 4370 789 4437 uinculis
824 4371 979 4435 dimisso:
1016 4389 1113 4453 quem
1152 4367 1419 4455 pollicitacionem

307 4457 489 4522 Fridericus
512 4465 631 4521 extunc
653 4478 756 4542 usque
776 4477 862 4520 nunc
877 4452 1049 4518 efficaciter
1063 4455 1243 4542 exequitur.
1286 4455 1421 4519 Praeter
