3098 4982
8 367 19 416 ¹·
204 380 394 454 canorum
412 379 526 433 asom
546 379 800 433 commanos.
821 379 967 431 eornv.
987 379 1112 431 A.1241.
1188 378 1239 429 aar

125 572 244 649 sponsa
269 549 316 614 illi
336 557 493 637 perpetua
521 548 727 626 subiectione,
759 548 786 611 si
813 570 871 632 per
899 569 1028 633 operam
1056 569 1146 610 suam
1170 569 1241 613 con·

125 644 263 719 tingeret
289 635 396 719 ipsum
422 653 557 716 regnum
586 631 722 720 [suumt]
750 653 948 717 recuperare.
998 631 1051 694 Ex
1079 631 1140 696 hoc
1169 655 1242 698 con-

124 717 214 782 flictu
236 728 268 783 et
289 728 362 782 ante
385 715 569 780 conflictum
594 725 659 780 tam
681 713 813 780 Polonie
843 738 939 801 quam
962 715 1128 801 Hungarie
1149 717 1241 782 multi

27 799 30 810 '
124 802 238 866 fratres
258 801 479 866 Predicatores
509 808 541 862 et
561 799 702 864 Minores
730 812 909 881 evaserunt,
940 801 995 884 qui
1021 801 1113 886 signo
1136 802 1241 866 erucis

15 883 18 895 '
149 909 183 951 er
204 895 304 950 totam
325 885 391 949 fere
406 883 642 949 Teuthoniamb
666 882 798 948 elericos
822 893 853 948 et
873 882 971 948 laicos
994 884 1148 949 adversus
1170 908 1242 971 pre--

150 970 228 1034 'etos
242 969 397 1034 barbaros
412 977 625 1032 armaverunt.
662 968 843 1052 Imperator
857 969 954 1033 etiam
969 969 1098 1054 scripsit
1112 992 1241 1054 magna-

124 1052 211 1118 tibus
227 1052 435 1134 Teuthonie0,
457 1062 493 1116 ut
515 1073 549 1116 se
571 1053 605 1115 in
626 1050 820 1116 adiutorium
842 1053 942 1137 ipsius
964 1062 1181 1137 prepararent,
1203 1075 1241 1118 eo

13 1140 16 1152 '
125 1137 211 1224 quod
240 1138 308 1222 ipse
336 1136 433 1201 vellet
460 1136 573 1200 afferre
600 1135 756 1199 auxilium
781 1136 900 1222 populo
930 1134 1102 1201 christiano
1132 1147 1242 1202 contra

24 1227 27 1237 '
122 1221 347 1286 truculentiam
362 1221 602 1288 barbarorum¹.
639 1220 714 1306 Ipse
729 1221 825 1284 etiam
840 1243 907 1302 rex,
924 1219 1008 1283 filius
1029 1223 1241 1307 imperatoris,

19 1312 22 1322 '
123 1305 387 1392 archiepiscopus
420 1304 620 1369 Coloniensis
661 1314 692 1368 et
723 1303 853 1388 plurimi
885 1302 1009 1368 nobiles
1041 1304 1242 1371 Teuthonie⁰

123 1391 251 1475 signum
275 1391 377 1454 crucis
392 1389 542 1454 vivificed
564 1396 826 1472 assumpserunt.
857 1388 968 1452 Timor
988 1401 1072 1453 ιιοιιθ
1095 1390 1240 1455 modicus

13 1482 27 1532 ¹,
122 1473 268 1539 eiusdem
290 1474 426 1539 barbare
471 1473 552 1537 entis
575 1473 762 1537 remotiores
785 1473 882 1536 etiam
903 1483 1020 1558 partes,
1051 1494 1116 1537 non
1138 1472 1241 1538 solum

76 1631 77 1636 η
125 1556 273 1638 Galliam,
306 1557 363 1622 sed
392 1566 424 1622 et
444 1496 667 1642 durgundiam
697 1565 729 1620 et
749 1557 942 1641 Hrspanram
969 1569 1095 1638 rnvasrt,
1124 1560 1241 1643 quibus

18 1653 25 1702 ·,
123 1663 242 1706 nomeu
256 1642 463 1707 Tartarorum
484 1651 578 1706 antea
598 1641 798 1724 incognitum
812 1641 881 1704 fuit.
925 1639 1027 1704 Multa
1049 1641 1179 1726 quidem
1201 1643 1241 1708 de

125 1735 207 1807 ortu,
235 1727 299 1790 ritu
326 1735 358 1790 et
379 1726 466 1790 victu
487 1724 631 1811 predicte
652 1724 788 1789 barbare
810 1725 914 1809 gentis
937 1725 1085 1789 audimus
1106 1727 1241 1791 incredi-

12 1852 24 1877 ι
124 1809 203 1875 bilia
218 1820 250 1874 et
265 1811 392 1874 omnino
413 1808 598 1890 inhumana,
624 1830 686 1893 que
708 1808 851 1872 nondum
869 1807 963 1872 nohis
980 1807 1094 1895 plenef
1112 1812 1241 1897 cognita

20 1930 24 1958 ÷
125 1893 363 1978 supersedimus
390 1893 464 1957 hies
486 1892 665 1974 scribenda,
695 1892 796 1957 donee
823 1892 916 1956 nobis
939 1915 1035 1978 super
1063 1892 1125 1958 hoc
1153 1918 1241 1959 mera

123 1980 244 2042 veritas
266 1976 460 2060 illucescatl,
484 1999 578 2064 quam
601 1976 671 2041 loco
695 1998 836 2062 congruo
855 1977 1009 2042 ducemus
1032 1979 1214 2062 ponendam
1222 1981 1239 2046 ἰ.

207 2063 283 2148 Ipso
305 2083 388 2126 anno
403 2062 608 2126 Hermannus
630 2060 827 2146 lantgravius
835 2063 860 2143 ¹³,
890 2060 974 2126 filius
997 2071 1105 2126 sancte
1128 2061 1240 2148 Elysa-

123 2144 200 2211 beth
208 2147 227 2227 ¹,
249 2147 344 2228 obiit,
368 2147 433 2232 qui,
455 2146 623 2232 repudiata
643 2143 709 2209 filia
730 2146 930 2230 imperatoris
952 2144 1015 2209 sibi
1038 2145 1238 2231 desponsata,

13 2250 16 2260 ⁴
67 2279 72 2286 .
123 2229 242 2294 filiam²
266 2230 356 2294 ducis
380 2230 419 2295 de
441 2229 658 2294 Brunsrrichm
681 2231 817 2294 duxerat
837 2231 871 2293 in
892 2253 1036 2296 uxorem.

14 2335 16 2340 ·
207 2315 282 2378 Iso
312 2337 395 2380 anno
423 2325 497 2400 post
526 2327 657 2379 octavas
689 2314 911 2401 penthecostes
940 2325 1347 2382 torneamentumss·³rraera

123 2399 209 2486 apud
224 2337 382 2464 llussiam
404 2409 453 2463 est
472 2398 628 2478 habitum,
649 2401 684 2462 in
706 2420 768 2485 quo
792 2398 918 2464 circiter
941 2409 1069 2463 eentum
1091 2399 1239 2464 viritem

8 2489 15 2568 ,'
122 2484 246 2548 nobiles
290 2507 364 2548 uam
385 2485 578 2568 prestantisn
604 2483 690 2548 fame
718 2481 834 2547 milites
863 2481 967 2548 calore
996 2484 1077 2547 aeris
1100 2482 1150 2548 vel
1194 2482 1239 2548 ul-

12 2575 14 2582 '
122 2589 197 2631 vere
221 2505 508 2632 sufiqocati-misere
534 2577 609 2632 sunt
631 2569 775 2648 extincti,
798 2567 992 2654 quibusdam
1019 2506 1238 2651 sentientihhs,

123 2650 157 2713 id
179 2653 285 2735 potius
307 2651 415 2715 divina
434 2651 575 2716 vindicta
597 2673 695 2738 quam
716 2651 834 2717 laboris
856 2650 1023 2717 tolerantia
1044 2653 1151 2717 animo
1172 2653 1238 2718 vin·

124 2733 219 2799 cendi
240 2736 448 2820 proveniente
470 2734 520 2798 vel
542 2737 625 2800 aeris
646 2737 835 2822 intemperie
857 2737 1021 2803 accidisse.

209 2818 334 2883 Eodem
350 2840 433 2882 anno
448 2821 478 2882 ὃ.
489 2818 566 2882 Idus
581 2820 655 2883 Iulii
680 2831 754 2906 post
775 2843 828 2884 cre
852 2820 998 2885 usculum
1020 2822 1239 2907 vespertinum
1249 2839 1289 2882 aa
1302 2842 1339 2882 11.

123 2901 166 2966 ad
187 2904 282 2966 unius
303 2901 380 2966 hore
403 2903 542 2987 spatium
556 2903 660 2988 figura
681 2906 776 2987 ignea
795 2843 982 2969 admodum
1006 2906 1154 2970 draconis
1168 2908 1239 2970 visa

125 2987 221 3051 estin
236 3009 308 3050 aere
319 2985 452 3050 volitare
467 2985 507 3051 ab
524 2996 596 3051 ortu
610 2989 644 3050 in
659 3009 817 3070 occasum,
839 2987 959 3053 habens
976 2998 1072 3075 caput
1085 3012 1239 3074 magnum

124 3080 155 3134 et
176 3069 378 3156 splendidum
412 3082 445 3135 et
473 3092 590 3155 corpus
614 3069 788 3156 oblongum
812 3080 844 3136 et
869 3094 1017 3156 grossum
1041 3095 1113 3136 cum
1136 3073 1239 3138 cauda

122 3153 235 3240 gracili
258 3163 289 3218 et
309 3154 419 3236 rubea,
451 3157 542 3218 ouius
569 3154 736 3239 longitudo
759 3154 930 3219 videbatur
957 3157 999 3220 ad
1026 3156 1238 3243 quadraginta

123 3239 248 3304 cubitos
263 3239 403 3305 extendi.
431 3239 502 3303 Hec
517 3238 622 3323 figura
636 3239 783 3303 draconis
797 3237 929 3305 Colonia
943 3241 1013 3304 visa
1028 3248 1076 3304 est
1090 3241 1239 3305 Rhenum

122 3323 329 3406 transvolare,
352 3323 422 3388 aliis
442 3333 549 3388 autem
570 3325 603 3386 in
616 3321 818 3409 Westphalia
833 3322 884 3387 vel
905 3322 1005 3388 alias⁰
1027 3324 1238 3390 existentibus

123 3409 274 3494 apparuit
295 3408 473 3473 secuudum
499 3404 625 3471 illorum
648 3408 742 3471 situm
764 3408 904 3492 regionis
927 3418 959 3473 et
979 3407 1095 3490 locum,
1126 3409 1238 3472 eadem

122 3491 226 3556 forma
246 3502 462 3578 permanente.
506 3490 579 3555 Non
601 3490 736 3555 multum
750 3502 823 3578 post
837 3496 989 3577 temporis
1004 3493 1154 3578 apparuit
1174 3514 1239 3556 non

122 3575 254 3640 minoris
282 3578 468 3662 quantitatis
496 3575 599 3640 forma
627 3577 724 3660 ignea
751 3574 791 3638 ab
821 3596 938 3640 occasu
968 3575 1044 3641 solis
1071 3577 1105 3640 in
1133 3586 1238 3641 ortum

123 3658 255 3723 volasse
279 3661 365 3724 circa
387 3659 612 3746 crepusculum
634 3660 746 3742 noctis,
770 3682 831 3746 que
854 3660 916 3725 cito
940 3659 1106 3746 disparuit.

206 3743 282 3829 Ipso
293 3765 377 3808 anno
388 3747 523 3810 moritur
533 3765 621 3832 papa
633 3745 807 3829 Gregorius
820 3744 906 3809 cirea
917 3745 1059 3810 medium
1069 3745 1239 3830 Augusti⁴,

122 3922 283 3976 a)dceatDl.
322 3925 348 3974 b)
365 3924 513 3966 Germaniam
530 3927 580 3966 Da.
623 3925 863 3979 adamantem.
907 3924 1082 3978 d)unteeD2.
1121 3926 1237 3980 e)fiD1;

122 3984 249 4025 enitht.
296 3982 455 4036 obeneDl.
506 3983 667 4036 armena.
721 3985 745 4036 h)
762 3985 944 4029 elucescatDt.
997 3984 1014 4036 t)
1031 3998 1051 4026 o.
1069 3987 1237 4029 dicemusM.

8 4075 10 4078 .
121 4041 146 4094 k)
162 4044 313 4092 landgravius
329 4044 378 4084 Dl.
439 4045 457 4094 1)
473 4045 531 4084 Elis.
548 4045 595 4086 1³2.
657 4043 689 4097 m)
705 4045 835 4085 Brunsuieh
851 4044 900 4085 Μ.
967 4043 991 4096 u)
1008 4049 1194 4086 torneamentum
1212 4069 1238 4078 —

8 4149 11 4168 ›
121 4103 369 4152 praetenturam.
430 4101 590 4154 o)alib1D2.
651 4102 675 4155 p)
692 4105 792 4144 volantis
808 4103 889 4144 Dm.

8 4269 10 4282 ι
122 4231 150 4301 1)
170 4233 242 4286 Patr.
260 4235 293 4286 de
311 4233 408 4299 ViraI,
428 4237 471 4291 30.
502 4233 541 4303 Of.
561 4236 685 4300 Bo'hmcr,
704 4235 769 4303 Bep.
788 4253 829 4288 ar.
852 4237 920 4287 1011
941 4254 995 4302 sqq.
1047 4234 1076 4302 2)
1095 4236 1235 4300 Helenam,

8 4367 9 4374 ἶ
113 4307 202 4374 filiam
229 4307 330 4360 Ottoais
349 4309 373 4360 Ι.
405 4306 438 4360 Α,
533 4309 563 4376 3)
587 4309 628 4362 De
654 4309 702 4362 hoe
730 4318 907 4362 torneamento
933 4309 988 4378 cpit
1013 4308 1092 4362 ctiam
1122 4309 1236 4361 Thomas

122 4378 241 4447 Oaattpr.
261 4382 329 4434 Boo.
350 4382 424 4436 univ.
438 4382 480 4448 II,
497 4401 518 4435 c.
538 4383 582 4436 48.
613 4381 640 4436 0.
679 4381 709 4451 4)
722 4381 835 4452 depost.
857 4383 905 4446 22,-
925 4400 950 4437 a.
962 4382 1084 4436 Potthoot
1096 4382 1120 4447 I,
1131 4399 1159 4450 p.
1172 4383 1237 4434 937.
