3126 4976
290 371 478 424 CHRONICA
497 371 609 423 REGIA
629 373 871 424 COLONIENSIS
891 373 923 424 A.
945 372 1026 424 1122.
1047 373 1128 424 1123.
1147 369 1159 399 ⁸
1242 375 1274 422 61

526 544 689 597 Benenato
711 546 735 598 I.
756 547 850 597 codd.
871 547 902 598 A.

151 629 240 696 rialis
262 632 435 695 auctoritas
479 629 544 694 uod
566 631 616 694 sui
637 631 715 698 iuris
737 633 840 696 estin
862 631 1094 696 constituendis
1116 633 1283 718 episcopis

151 715 219 778 sive
241 713 413 778 abbatibus
435 652 487 779 vll
508 713 680 780 abbatissis
701 737 766 779 101
788 717 963 798 amitteret,
993 725 1025 780 et
1046 716 1074 779 si
1101 717 1135 780 in
1162 718 1277 782 consti-

151 798 277 863 tuendis
307 798 356 862 his
390 797 602 882 dignitatibus
635 799 804 881 discordia,
837 810 873 870 ut
904 822 980 885 sepe
1011 799 1058 881 fit,
1088 801 1276 883 oboriretur,

150 881 326 970 imperialis
355 891 498 967 potestas
528 881 660 947 consilio
686 884 800 948 horum
827 883 944 970 quibus
973 884 1080 948 sanior
1109 907 1199 950 mens
1228 897 1277 951 est

151 969 325 1031 contrairet
346 976 377 1030 et
399 989 453 1031 eos
476 967 532 1052 qui
553 976 678 1031 rectum
701 967 931 1032 conturbarent
952 968 1149 1053 reprimeret.

225 1049 407 1115 Bartholfus
430 1052 499 1116 dux
521 1051 561 1115 de
583 1051 745 1138 Zeringon
767 1051 922 1117 assultum
943 1053 1072 1116 incaute
1097 1053 1138 1116 ad
1166 1050 1275 1116 villam

150 1133 369 1199 Μο11001101111
393 1134 524 1218 1001010,
547 1135 714 1218 occiditur,
741 1137 867 1201 iuvenis
898 1137 1060 1222 egregius,
1088 1136 1276 1223 imperatori

150 1217 336 1284 fidissimus.

531 1302 625 1367 Anno
647 1304 781 1368 Domini
805 1305 896 1369 1123.

224 1387 406 1473 Imperator
428 1388 533 1452 circa⁸
556 1397 762 1473 pentecosten
783 1388 826 1452 ad
847 1389 927 1452 fines
950 1387 1125 1452 occidentis
1141 1386 1274 1452 descen·
1286 1399 1368 1444 1113·

151 1467 212 1554 dit3
236 1471 457 1557 Sculenburg²
480 1471 523 1535 ad
536 1473 686 1536 iniuriam
703 1473 847 1599 episcopi
862 1471 1076 1536 Traiectensis
1092 1470 1275 1537 Godebaldi

152 1554 287 1620 obsidet.
333 1556 413 1619 Dux
445 1557 607 1622 Saxoniae
635 1557 837 1633 Letharius,
866 1556 1038 1704 episcopus
1067 1555 1274 1620 Dietericus⁰

149 1638 443 1720 Monasteriensisl,
463 1650 499 1704 ut
513 1639 695 1725 predictum
711 1650 850 1705 castrum
864 1661 884 1702 a
922 1640 1088 1705 obsidione
1104 1639 1274 1721 solverent,

151 1732 263 1788 contra
285 1726 510 1811 imperatorem
533 1735 627 1809 rapta
648 1726 716 1789 acie
739 1724 862 1790 vadunt
884 1735 915 1789 et
945 1746 1010 1788 non
1035 1723 1130 1810 longe
1159 1722 1201 1787 ab
1228 1723 1275 1786 in-

149 1809 254 1874 vicem
276 1808 351 1872 fixis
373 1809 483 1872 castris
506 1809 686 1874 considunt.
729 1808 825 1873 Palus
851 1810 1053 1889 interiacens,
1080 1831 1120 1872 ne
1143 1829 1275 1893 congre-

150 1891 310 1975 derentur,
333 1913 387 1956 eos
410 1893 554 1957 detinuit.
599 1892 744 1958 Tandem
766 1891 929 1979 predictus
952 1893 1020 1957 dux
1045 1893 1140 1956 motis
1162 1892 1275 1957 castris

150 1999 247 2062 super
268 1977 457 2042 Daventere
475 1978 578 2057 irruit,
603 1976 665 2041 hoe
692 1977 788 2041 modo
816 1997 948 2126 sperans
977 1977 1204 2123 imperatorem
1232 1974 1274 2039 ab

151 2059 319 2126 obsidione
334 2060 548 2125 discessurum
564 2071 596 2125 et
617 2061 785 2146 pugnandi
807 2062 834 2124 si
858 2062 868 2124 i
890 2061 998 2124 locum
1043 2061 1098 2124 eri.
1133 2059 1274 2139 Quidam

148 2167 226 2210 vero
250 2144 289 2210 de
311 2145 572 2210 Monasteriensis
594 2147 737 2230 episcopi
759 2154 850 2231 parte
873 2145 966 2231 quasi
992 2142 1197 2230 predabundi
1218 2143 1275 2208 vil-

149 2227 215 2293 lam
237 2229 415 2315 predictam
437 2229 601 2312 invadunt,
624 2228 745 2294 vallum
767 2228 1007 2309 transcendunt,
1030 2225 1275 2313 propugnacula
1354 2251 1356 2256 ·

149 2334 268 2399 magna
289 2335 330 2378 ex
345 2322 437 2412 parte
452 2313 596 2397 diruunt,
617 2312 727 2378 villani
742 2335 830 2396 vero,
852 2322 947 2399 prout
960 2313 1032 2397 ipsa
1046 2334 1098 2376 res
1112 2310 1274 2392 monebat,

149 2396 273 2463 fortiter
300 2397 476 2463 resistendo
504 2419 558 2463 eos
587 2397 755 2485 repellunt,
784 2399 896 2496 sicque
925 2395 1048 2482 aliquot
1076 2397 1212 2476 amissis,
1240 2396 1275 2458 in

150 2503 266 2567 campo
288 2482 437 2567 proximo
459 2483 638 2547 considunt.
683 2483 756 2563 Quo
781 2482 900 2562 audito,
929 2482 1104 2567 imperator
1133 2489 1274 2544 castrum

149 2565 278 2648 deserit,
301 2566 479 2631 Daventeri
499 2566 655 2631 auxilium
676 2566 799 2631 laturus
814 2565 933 2647 tendit,
957 2562 1119 2629 castellani
1134 2564 1175 2629 ab
1192 2564 1274 2629 obsi-

149 2649 245 2715 dione
267 2649 442 2714 solvuntur.
485 2650 565 2714 Dux
586 2673 664 2715 vero
687 2648 864 2715 castellanis
886 2650 971 2714 vires
998 2657 1137 2734 reparat,
1165 2651 1273 2733 ipsum

150 2745 292 2799 castrum
307 2733 501 2800 victualibus
515 2733 627 2820 replet.
660 2735 722 2799 His
738 2735 825 2815 actis,
847 2735 915 2798 voti
930 2735 980 2798 sui
996 2754 1127 2817 compos
1142 2743 1272 2797 remeat.

223 2818 402 2917 Imperator
433 2819 489 2884 Wi
512 2817 603 2884 berto
635 2819 811 2884 marchiam
840 2819 874 2883 in
902 2819 1005 2902 Misne
1032 2817 1139 2881 tradit.
1193 2817 1274 2880 Dux

148 2900 342 2967 Lothanusb
363 2904 397 2966 in
418 2842 552 2967 eandam
574 2902 751 2967 marchiam
767 2902 974 2967 Ouonradum
997 2901 1037 2965 de
1051 2899 1163 2964 Witen
1184 2899 1274 2964 ducit

149 2995 182 3051 et
204 2985 348 3051 collocat.
386 2987 458 3068 Quo
481 2986 575 3069 lactc,
598 3008 672 3050 cum
687 2985 883 3052 1110110110θ
906 2987 945 3050 de
959 2983 1156 3049 Ballanstide
1171 3006 1273 3069 usque

149 3070 192 3133 ad
212 3069 325 3155 Ilburg
346 3071 502 3156 procedit,
524 3092 700 3157 eorumque
722 3091 879 3135 consensu
901 3071 957 3156 qui
978 3071 1012 3132 in
1033 3069 1177 3153 utrisque
1191 3090 1274 3132 mar-

150 3154 231 3218 chiis
252 3155 405 3240 primates
427 3163 518 3219 erant
539 3153 635 3218 ambo
657 3153 815 3219 marchias
838 3153 979 3239 singulas
1001 3153 1160 3237 regendas
1175 3153 1273 3216 susci-

486 3299 654 3350 Becensio
674 3297 716 3351 II.
737 3299 832 3351 codd.
851 3299 886 3350 B.
907 3297 936 3350 0.

149 3390 321 3443 investituras
341 3391 603 3442 aecclesiasticarum
621 3391 781 3457 dignitatum
800 3391 904 3441 10010
917 3391 996 3440 Petro
1016 3389 1126 3453 remisit,
1145 3390 1184 3438 ita
1197 3389 1272 3439 dum·

149 3467 233 3526 taxat,
252 3458 307 3526 utf,
327 3464 413 3515 libera
429 3464 561 3516 electione
574 3465 747 3532 precedente,
759 3463 907 3532 imperialis
923 3463 1077 3526 dignitas
1097 3461 1169 3526 quod
1182 3477 1273 3513 suum

150 3538 239 3588 estin
259 3537 453 3588 constituendis
473 3539 616 3606 episcopis,
635 3539 777 3589 abbatibus
802 3537 846 3589 vel
865 3536 1009 3587 abbatissis
1034 3550 1087 3585 non
1108 3536 1273 3586 0111101011.

223 3605 381 3662 Bertolfusll
401 3611 455 3661 dux
474 3611 508 3662 de
521 3612 657 3677 Zaringon
670 3611 799 3663 assultum
813 3611 848 3661 ad
860 3610 953 3661 villam
967 3602 1152 3659 Mollesheimi
1165 3609 1274 3660 incaute

149 3679 252 3734 iaciens
272 3685 412 3747 occiditur,
431 3681 558 3735 1110110ιι
578 3687 711 3750 egregius,
729 3685 884 3752 imperatori
903 3682 1057 3735 fidissimus.

481 3752 530 3815 18.
573 3751 669 3814 Anno
692 3751 825 3815 Domini
849 3750 941 3815 1123.

225 3834 427 3899 (ierhardusl
449 3834 551 3899 abbas
574 3834 719 3900 efficitur.

149 3994 172 4047 0)
188 3998 209 4039 b.
226 3999 240 4037 i.
256 3999 383 4040 vocabulum
396 4008 465 4038 unum
480 4009 567 4038 00000010
582 4003 612 4036 ast
627 3996 647 4036 Α
657 3997 677 4045 1,
692 3997 832 4037 0111100100
848 3997 931 4038 eccidit.
977 3994 1001 4048 b)
1017 3995 1050 4035 010
1065 3995 1085 4035 Α
1095 3997 1115 4037 1.
1125 3997 1146 4036 2,
1192 3992 1215 4046 1)
1227 3996 1273 4036 11.

148 4067 226 4096 nomm
241 4057 436 4106 Dletericnssere
450 4068 536 4096 0100000
552 4055 723 4106 001111ῑο0001
744 4055 793 4098 Aa.
840 4055 864 4106 d)
881 4054 1083 4097 11010010111112.
1137 4052 1273 4106 0111110110

149 4115 198 4155 Al.
237 4132 266 4152 =
296 4117 314 4170 t')
338 4118 393 4158 00001
409 4117 453 4158 02.
551 4116 575 4167 g)
591 4117 694 4155 variaret
709 4116 749 4154 Bl
765 4127 833 4155 manu
848 4127 891 4158 rec.
988 4113 1237 4166 1)(101101110111000
1252 4113 1274 4154 G

148 4175 241 4215 miniato
258 4177 306 4218 Bi.
371 4173 389 4227 1)
406 4175 567 4215 Molleseheim
583 4175 630 4224 013
646 4175 798 4216 Mollenheim
814 4175 855 4214 Bl
871 4185 938 4214 meaa
953 4185 994 4216 rec.
1069 4172 1094 4224 k)
1110 4175 1147 4216 vir
1161 4183 1216 4214 vare
1232 4173 1272 4212 Bl

148 4244 273 4278 01010100.
332 4232 351 4286 1)
368 4233 551 4284 (1010101001)
568 4233 728 4276 1101101002.

151 4374 179 4438 1)
198 4374 338 4428 Μο1010110
351 4392 439 4442 propo
459 4373 626 4443 Strcsoburp.
703 4377 730 4441 2)
751 4373 940 4443 8010101111).
