3126 4976
333 411 521 465 CHRONIOA
538 412 651 464 REGIA
671 411 913 482 communem
932 413 965 464 A.
987 413 1066 464 1176.
1202 411 1253 462 127

534 584 851 638 MuanaH

133 691 229 819 (huam
253 669 372 736 bellurn
395 684 548 758 cuperent
569 693 643 736 oum
667 673 859 758 imperatore
880 672 971 736 inire.
1014 671 1129 759 Itaque
1152 671 1254 736 omnis

132 755 187 818 ia
219 754 371 821 terribilis
403 757 543 820 hostium
575 757 661 821 acies
694 756 737 821 ad
769 764 874 820 eastra
911 757 1049 820 caesaris
1084 763 1254 840 prostrata,

156 860 247 904 eoem
270 849 302 904 et
322 840 575 906 misericordiam
596 839 791 926 postulabat,
814 839 918 905 nudos
941 841 975 903 in
997 839 1174 905 cervicibus
1188 837 1254 925 gla-

131 862 204 988 lios
222 932 398 1070 portantes.
437 922 593 989 Certatim
615 946 743 1024 quoque
765 924 807 988 ad
829 926 1254 1010 imperatoremourrentes,

132 1004 221 1073 vexil

233 1029 252 1070 a
279 1017 465 1071 cunctarum
494 1008 622 1073 urbium
644 1009 708 1094 rpsi
730 1009 982 1106 resignayerunt,
1014 1007 1068 1072 alii
1089 1030 1165 1073 vero
1188 1006 1255 1095 psl-

132 1090 221 1168 lium,
260 1091 411 1178 quidsm³
463 1092 548 1175 edes,
581 1091 726 1157 nonnulli
754 1101 925 1157 tentorrum
963 1093 1164 1178 imperatoris
1202 1114 1255 1157 ex-

134 1174 423 1257 osculabanturl,fi
447 1198 498 1241 em
510 1188 709 1242 sacramento
724 1175 897 1241 firmantes.
926 1177 1113 1242 Interventu
1128 1197 1256 1262 quoque

134 1281 244 1334 eorum
271 1257 602 1326 Alexandrinensibus
629 1283 732 1347 usque
761 1261 804 1325 ad
830 1261 1003 1325 terminum
1030 1260 1109 1325 Maii
1137 1260 1256 1324 mensis

132 1356 267 1429 peoem⁰
296 1343 437 1410 indulsit.
481 1345 607 1426 Quibus
635 1346 745 1430 gestis,
772 1353 897 1430 partem
919 1344 1058 1409 militurn
1079 1346 1256 1430 repatriare

132 1428 289 1576 permisit,
323 1428 578 1514 opulentioribus
612 1451 722 1494 seeum
754 1430 898 1496 retentis.
946 1427 1015 1493 Neo
1048 1427 1149 1494 multo
1183 1438 1257 1513 post

163 1511 342 1598 ongoberdi
369 1515 548 1598 penitentes
577 1535 636 1600 pro
658 1512 896 1594 Alexandrinis,
928 1514 1114 1599 imperatori
1136 1511 1256 1576 denun-

134 1597 309 1679 ciaverunt,
320 1619 355 1660 se
365 1599 494 1662 omnino
506 1607 739 1662 sacramentum
751 1597 827 1662 fidei
838 1597 1024 1680 violaturos,
1039 1598 1103 1661 nisi
1117 1594 1257 1661 Alexan-

109 1693 111 1698 ’
134 1679 244 1744 drinos
265 1681 299 1744 in
322 1681 503 1746 conditione
525 1681 610 1746 illius
632 1682 722 1767 paois
744 1690 909 1746 consortes
931 1681 1073 1746 haberet.
1122 1679 1178 1745 Set
1199 1680 1257 1744 im·

133 1775 281 1851 peratore
307 1764 342 1829 id
368 1775 546 1847 recusante,
579 1769 695 1830 iterum
723 1787 811 1830 more
845 1787 902 1830 suo
932 1764 1139 1850 Longobardi
1165 1763 1258 1830 fedus

133 1850 276 1997 periurio
300 1848 438 1914 solvunt.
475 1851 549 1931 Qua
563 1849 753 1914 necessitate
776 1871 887 1914 caesar
901 1849 1069 1935 impulsus,
1083 1871 1142 1935 per
1164 1870 1258 1912 omne

164 1933 393 1999 heutonieum‘¹
415 1956 550 2021 regnum
578 1935 708 1999 directis
744 1934 888 2010 nunciis,
924 1956 1044 1999 novum
1080 1933 1258 1998 exercitum

134 2018 269 2082 adunari
290 2020 462 2104 precepto.

134 2181 158 2234 a)
175 2183 218 2223 alit
241 2184 289 2223 Bt.
311 2183 355 2224 ot.
416 2180 440 2234 b)
465 2183 537 2224 osonl.
562 2181 605 2223 01.
675 2180 696 2234 o)
721 2183 779 2222 deest
800 2181 841 2225 02.
908 2177 1011 2232 d)'1'ent.
1038 2181 1115 2224 Am.
1181 2178 1203 2233 e)
1226 2181 1260 2220 tte

134 2243 205 2282 verbis
219 2243 303 2293 apeme
318 2243 364 2286 eod.
379 2243 427 2284 Ar.
