3122 4978
302 359 354 408 174
417 360 604 412 OHRONIOA
623 360 734 411 asum
755 359 1007 414 COLONIENSIS.
1028 309 1179 413 domun.
1198 360 1323 412 smol.

301 536 503 615 pertemptat.
557 527 701 592 Tandem
731 527 830 593 multa
861 529 997 595 offerens
1026 537 1058 592 et
1088 528 1182 614 plura
1214 529 1415 615 promittens,

228 660 286 703 ,Μ
302 635 420 699 eosque
442 611 523 677 velle
544 634 601 676 suo
626 614 719 698 paria
732 613 925 698 respondere
940 614 1147 699 persentiens,
1163 624 1297 700 accepta
1324 615 1416 677 iuris·
1485 624 1489 632 '

210 720 261 762 ran.
270 694 294 763 ss
301 697 428 762 iurandi
462 695 654 783 obligatione
686 719 759 761 cum
791 697 967 773 obsidibus,
1000 698 1034 760 in
1069 697 1243 783 epiphania
1271 699 1414 780 Domini,

297 779 399 846 multo
427 781 562 866 stipatus
589 780 701 864 milite,
729 783 927 868 Aquisgrani
955 782 1121 864 accedens,
1158 784 1198 846 a*
1231 784 1294 846 iam
1328 781 1415 847 dicto

298 864 541 963 archiepiscopo
563 866 597 928 in
619 887 728 953 regem
755 876 969 931 consecratur.
1019 863 1188 930 Celebrate
1217 866 1315 952 igitur
1342 889 1416 931 con-

299 957 485 1029 secratione,
518 949 682 1034 predictus
714 950 979 1049 archiepiscopus
1011 971 1099 1032 auro,
1132 960 1276 1035 argento,
1308 949 1415 1036 lapide

298 1033 438 1120 pretioso
461 1029 596 1119 aliisque
617 1032 779 1134 regalibus
800 1036 948 1121 insignire
971 1035 1049 1100 satis
1070 1033 1221 1119 regaliter
1234 1057 1416 1100 remunera-

298 1130 379 1199 tus1,
402 1138 476 1181 cum
499 1117 619 1182 honore
634 1117 813 1183 dimittitur.
846 1119 917 1183 Rex
933 1121 966 1182 in
980 1127 1096 1183 terram
1112 1141 1203 1183 suam
1219 1120 1415 1183 revertimus

298 1202 424 1267 Eodem
446 1212 589 1284 tempore
610 1224 709 1267 naves
731 1213 763 1266 et
785 1225 906 1286 currus,
930 1203 1048 1291 quibus
1070 1202 1222 1268 victualia
1236 1204 1320 1289 regis
1337 1205 1417 1268 fere-

298 1286 425 1360 bantur,
448 1308 467 1350 a
488 1283 696 1350 Walraviolm
718 1286 805 1372 apud
827 1287 1008 1353 Veronam³
1023 1287 1083 1351 diri
1110 1289 1226 1353 iuntur.

382 1370 550 1434 Dissensio
562 1371 682 1454 gravis,
692 1373 908 1436 controversia
919 1310 1126 1438 intolerabilis
1138 1381 1169 1436 et
1181 1373 1296 1436 scisma
1307 1370 1417 1456 lugen-

298 1454 375 1519 dum
391 1453 538 1518 omnibus
548 1455 683 1520 ecclesie
693 1454 766 1519 filiis
778 1459 810 1520 in
822 1456 1006 1522 Coloniensi
1021 1455 1157 1522 ecelesia
1168 1457 1249 1520 iuter
1264 1455 1417 1521 Ottouem

207 1565 215 1580 ·
298 1560 407 1622 regem
427 1547 459 1601 et
479 1539 586 1604 archie
610 1541 755 1625 iscopum
779 1541 887 1621 oritur,
909 1543 1149 1606 consecratione
1167 1539 1309 1640 Philippi
1331 1541 1417 1624 regis

298 1625 374 1690 huic
389 1623 566 1712 periculose
583 1564 743 1689 discordie
764 1627 960 1690 incentivum
981 1648 1020 1689 ac
1042 1626 1186 1690 fomitem
1207 1627 1416 1689 ministrante.

298 1708 330 1774 A
352 1708 459 1772 multis
486 1710 591 1790 etiam,
620 1709 738 1794 quibus
766 1719 835 1773 erat
855 1731 945 1774 mens
967 1711 1082 1791 sanior,
1105 1709 1146 1774 ad
1168 1709 1300 1773 insidias
1322 1708 1417 1793 regni

299 1796 482 1878 totiusque⁰
511 1793 643 1858 ecclesie
674 1792 900 1858 detrimentum
928 1793 1049 1859 facurm
1079 1793 1140 1858 hoc
1175 1792 1416 1880 presagabatur,

300 1877 387 1963 quod
419 1887 532 1963 postea
563 1899 669 1942 rerum
702 1879 807 1941 exitus
836 1878 1036 1964 approbavit.
1093 1877 1170 1942 Otto
1193 1878 1330 1963 denique
1356 1899 1417 1952 rex

298 1961 421 2046 legatos
445 1983 519 2026 suus
541 1961 677 2027 Romam
699 1962 848 2048 dirigens,
872 1985 997 2027 omnem
1021 1960 1211 2026 calamitatis
1226 1984 1283 2027 sue
1301 1962 1416 2026 seriem

299 2067 383 2132 pape
410 2045 636 2132 querebundus
665 2047 825 2132 exposuit,
853 2048 955 2133 ipsius
982 2047 1205 2132 paternitatem
1233 2067 1272 2110 ac
1299 2045 1416 2112 discre-

301 2130 420 2194 tionem
442 2132 669 2196 cummonitam
685 2153 754 2196 esse
770 2131 961 2216 imprecans,
978 2129 1113 2216 qualiter
1122 2130 1282 2195 adolfusd
1297 2129 1417 2194 archie-

324 2215 454 2300 iscopus
476 2238 510 2279 se
532 2215 572 2280 de
594 2223 678 2279 terra
700 2237 767 2295 sua,
789 2216 844 2281 ubi
867 2215 1004 2297 diviciis,
1026 2213 1146 2279 honore
1169 2236 1207 2279 cu
1232 2216 1341 2278 iosus⁰
1363 2213 1418 2278 ha-

300 2236 477 2382 bundabat,
492 2309 660 2364 evocatum
671 2299 780 2364 favore
792 2320 830 2362 ac
841 2321 998 2366 consensu
1010 2307 1197 2363 cunctorum
1208 2238 1418 2384 lotharingie

302 2397 333 2449 et
376 2383 555 2448 uorundam
585 2384 786 2469 superiorum
812 2385 994 2470 principum
1016 2385 1177 2469 totiusque
1208 2382 1419 2447 multitudinis
1461 2456 1466 2469 ,
1545 2423 1552 2449 ι

301 2405 530 2534 acclamatione
558 2466 711 2532 Colonies
735 2469 768 2530 in
795 2490 903 2566 regem
934 2469 1091 2532 creaverit
1112 2488 1151 2530 ac
1172 2489 1326 2553 processu
1339 2477 1417 2531 tem·

301 2555 390 2640 poris
434 2551 629 2638 Aquisgrani
667 2550 883 2618 eeclesiastico
926 2575 1014 2617 more
1059 2560 1279 2617 consecratum
1318 2549 1418 2635 regali

302 2637 378 2704 sede
397 2635 630 2719 sublimaverit,
658 2658 743 2700 nunc
764 2658 850 2718 vere,
874 2659 907 2702 se
923 2638 1014 2737 quasi
1028 2636 1197 2722 repudiato
1212 2657 1250 2699 ac
1264 2634 1419 2700 violenter

301 2721 483 2806 reprobato,
504 2719 689 2806 Philippum
712 2720 825 2784 ducem
850 2721 966 2786 Suevre
988 2723 1084 2785 simili
1106 2721 1202 2784 modo
1222 2719 1419 2806 Aquisgrani

304 2805 487 2885 deductum,
510 2816 644 2890 accepta
670 2804 712 2870 ab
741 2826 778 2868 eo
809 2808 947 2891 pecunia
973 2804 1207 2886 innumerabili,
1237 2804 1359 2870 ibidem
1384 2804 1419 2866 in

303 2911 412 2975 regem
439 2910 626 2953 consecrare
654 2890 895 2975 presumpserit,
924 2898 1115 2974 protestans,
1147 2910 1240 2953 omne
1273 2911 1306 2952 re
1353 2909 1417 2969 um,

303 2975 458 3073 precipue
481 2970 704 3038 coloniensem
728 2974 836 3059 episeo
863 2983 959 3056 atum,
982 2975 1113 3059 insuper
1135 2983 1234 3038 totam
1250 2973 1419 3037 eccesiam

304 3057 378 3123 inde
400 3057 588 3142 gravissime
609 3055 792 3143 periclitari.
869 3059 994 3122 ominus
1017 3081 1111 3144 papa,
1134 3058 1264 3144 cognita
1284 3065 1350 3120 tam
1371 3057 1418 3119 in-

304 3141 414 3208 audita
440 3150 570 3227 tamque
596 3143 766 3206 temeraria
796 3143 1038 3228 presumptione
1065 3141 1307 3227 archicpiscopi,
1339 3151 1419 3205 tam-

305 3248 401 3313 quam
422 3238 514 3312 pater
535 3226 698 3311 piissimus
720 3225 855 3290 affluens
878 3226 1092 3291 misericordie
1119 3225 1306 3307 visceribus,
1329 3224 1419 3289 Otto-

303 3312 354 3374 nis
382 3333 417 3375 re
440 3311 467 3374 is
496 3320 561 3374 tam
585 3331 661 3373 uam
687 3309 796 3376 dilecti
818 3309 872 3375 filii
896 3311 1067 3376 deiectioni
1088 3312 1164 3375 satis
1187 3320 1318 3396 paterne
1346 3330 1419 3374 con-

304 3334 477 3475 descendit,
500 3333 735 3481 prudenterque
757 3395 845 3480 apud
868 3417 901 3459 se
951 3404 1135 3476 ertraetans,
1163 3406 1225 3458 act
1250 3393 1419 3458 temeraria

304 3479 562 3567 supercreatione
583 3477 725 3564 Phihppi
746 3480 832 3564 regis
853 3417 949 3564 regal

305 3565 434 3629 siastiea
467 3565 612 3630 instituta
639 3562 819 3650 depravari,
846 3562 974 3629 decreta
1001 3585 1157 3629 canonica
1183 3561 1358 3661 periclitari
1387 3571 1419 3626 et
1494 3603 1524 3634 v.

306 3647 459 3735 quicquid
491 3647 649 3730 iusticiel,
672 3647 826 3747 quicquid
849 3648 1035 3728 sanctitatis,
1068 3646 1221 3733 quicquld
1254 3644 1418 3732 religionis

305 3754 375 3797 esse
397 3740 531 3818 poterat,
553 3732 614 3797 hoc
635 3740 811 3796 sementivo
840 3731 966 3797 malicie
993 3732 1025 3796 in
1047 3753 1234 3818 perversum
1255 3731 1320 3815 agi,
1349 3752 1419 3816 pre-

942 3481 973 3543 ia
993 3480 1065 3543 iura
1085 3478 1299 3577 pessumdari,
1321 3477 1418 3542 eccle-

361 3894 390 3964 *)
411 3896 446 3946 ab
465 3895 563 3947 Adollo
583 3910 608 3946 a.
628 3891 688 3947 ΑΒ.

305 4039 328 4094 a)
344 4042 377 4081 tic
392 4047 512 4093 sequuntur
526 4053 596 4092 cupra
611 4042 690 4082 omaso
705 4041 801 4082 intravit
817 4062 843 4071 -
861 4041 961 4091 optinuit
976 4041 1018 4082 Aa.
1079 4038 1223 4094 blwslravo
1239 4042 1287 4083 ΑΒ.
1341 4041 1362 4094 c)
1377 4051 1421 4090 qus

304 4102 361 4141 deut
376 4100 423 4144 Aa.
484 4099 507 4152 d)
525 4101 553 4141 A.
569 4101 617 4141 At.
679 4099 701 4153 s)
717 4105 740 4141 et
756 4102 862 4150 copiosus
879 4100 929 4140 At.
989 4099 1235 4152 tJColuA230016n
1252 4102 1298 4142 As.
1351 4101 1375 4156 g)
1391 4102 1423 4141 ita

306 4161 493 4203 A2.8=hac.
552 4159 577 4212 h)
593 4162 647 4202 lust.
664 4172 686 4211 q.
702 4171 720 4201 s.
737 4172 759 4210 q.
774 4161 817 4200 das.
834 4160 880 4202 At.

309 4310 335 4379 1)
362 4310 402 4379 ίΥ.
422 4313 501 4364 eriam
524 4310 644 4379 Phlippi
668 4312 787 4363 murtam
812 4312 838 4365 d.
860 4313 903 4363 ta.
923 4311 985 4364 Ian.
1006 4311 1359 4383 1205‚Lacombut11,p.
1380 4317 1424 4367 1t.

307 4384 336 4454 2)
354 4385 426 4438 Ft'lio
446 4386 544 4440 comitis
564 4386 770 4456 [Ambus-yemis.
846 4386 876 4453 3)
895 4385 983 4437 Boua.
