3126 4976
290 386 325 436 60
438 385 625 438 OHRONICA
644 383 757 436 REGIA
777 383 1022 437 COLONIENSIS
1041 386 1073 435 Δ.
1094 384 1174 435 1121.
1195 384 1274 434 1122,

663 557 829 612 Bcccasc'o
848 557 872 612 1.
892 559 984 610 codd.
1004 558 1038 610 A.

289 652 363 700 cum
386 643 473 707 omni
494 640 582 710 ferea
603 642 808 710 urbisl0001.
844 642 1013 708 Predictus
1035 643 1102 708 dux
1118 664 1227 709 omnes
1242 642 1308 710 fere
1323 646 1413 712 urbis

288 721 481 809 defensores,
504 739 571 794 tam
593 724 717 793 nobiles
739 749 837 812 quam
856 725 1090 809 ministeriales,
1113 738 1223 826 captos
1249 727 1414 796 abducit*

170 847 228 899 ρῳ),
240 849 276 888 29,
363 809 457 876 Circa
479 811 597 878 festum
618 814 722 878 sancti
736 810 936 898 Myohahelis
957 812 992 874 in
1014 812 1090 876 sede
1105 810 1282 899 episcopali
1297 814 1414 880 Wirci-

287 891 391 981 burgb
423 897 466 958 im
492 906 598 962 erator
630 905 662 963 et
693 899 789 961 totius
821 895 915 980 regni
946 895 1107 981 principes
1145 897 1341 963 conveniunt
1372 911 1414 982 et,

288 977 453 1045 misericor
488 1003 508 1045 a
522 981 587 1047 Dei
606 980 791 1069 opitulante,
812 981 846 1044 iu
861 978 1067 1044 concordiam
1081 979 1225 1062 redeunt,
1246 980 1366 1046 iudicio
1382 993 1415 1049 et

289 1061 422 1130 consilio
445 1064 556 1131 domni
577 1064 748 1152 apostolici
769 1085 901 1128 causam
922 1058 1299 1148 regis'determinandam
1313 1088 1413 1132 reser-

287 1156 430 1215 vantes².

667 1232 763 1297 Anno
785 1232 919 1296 Domini
943 1231 1033 1296 1122.

177 1335 276 1380 arama
362 1316 543 1404 Imperator
566 1316 684 1382 festum
713 1326 921 1404 pentecosten
942 1314 1032 1464 apud
1052 1315 1236 1380 Traiectum
1264 1315 1412 1387 celebrat.

287 1398 403 1487 Ibique
426 1410 495 1465 orta
517 1400 632 1467 seditio
651 1404 737 1466 inter
758 1401 934 1486 armigeros
985 1422 1002 1464 e
1030 1422 1065 1464 re
1092 1400 1229 1483 modica,
1258 1402 1306 1466 uti
1336 1425 1412 1490 sepe

288 1483 333 1566 fit,
366 1507 469 1571 usquc
501 1485 544 1550 ad
571 1485 688 1552 milites
713 1494 853 1549 armatos
882 1485 1038 1571 pervenit,
1065 1486 1168 1570 ecque
1197 1487 1350 1569 excrevit,
1378 1498 1414 1553 ut

287 1569 490 1655 imperatoris
517 1570 614 1634 amici
641 1570 830 1656 episcopum
861 1590 934 1633 cum
967 1569 1033 1633 suis
1066 1570 1151 1634 intra
1183 1571 1413 1636 monasterium

178 1709 181 1715 .
286 1652 397 1737 fugere
420 1652 657 1740 compellerent,
678 1653 851 1741 plerosque
873 1662 1034 1739 caperent,
1057 1651 1183 1739 aliquos
1205 1655 1301 1718 etiam
1316 1657 1412 1720 truci-

288 1737 410 1803 darent.
453 1739 530 1824 Ipse
550 1760 627 1803 vero
650 1739 757 1824 episco
783 1738 877 1800 usin
897 1739 1093 1801 monasterio
1116 1748 1229 1824 captus
1259 1747 1291 1802 et
1311 1739 1413 1827 impe·

287 1822 385 1886 ratori
418 1831 628 1908 presentatus,
655 1833 747 1887 custo
771 1821 820 1885 iae
848 1823 955 1906 regiae
984 1820 1172 1906 deputatur3
1205 1843 1226 1886 a
1257 1845 1321 1908 qua
1348 1846 1413 1888 non

286 1903 383 1990 longo
405 1913 549 1991 tempore
569 1907 736 1972 interiecto
758 1906 837 2052 lupa
859 1905 985 1991 elapsus
1008 1904 1142 1969 solvitur
1150 1916 1173 1972 ³.
1212 1905 1331 1972 Omnia
1352 1907 1413 1973 hec

287 1989 522 2056 machinatione
544 1991 712 2067 cuiusdam
735 1989 804 2055 Giei
817 1989 909 2071 berti,
933 1990 988 2075 qui
1014 1990 1202 2076 episcopum
1231 1991 1413 2077 infestabat,

287 2081 359 2138 acta
380 2095 450 2139 esse
470 2073 608 2140 aiebant.
672 2075 852 2161 Imperator
867 2073 1103 2160 Falkenburgr·
1112 2085 1136 2157 ⁴,
1158 2085 1301 2139 castrum
1316 2078 1413 2141 comi-

285 2157 327 2221 tis
350 2155 507 2234 Gozwini,
529 2169 656 2245 captum
681 2159 790 2223 diruit.

185 2274 243 2326 sm,
256 2277 276 2315 1,
364 2241 460 2307 Circa
498 2244 614 2308 fesurm
652 2253 761 2308 sancte
796 2242 917 2306 Maric⁵
957 2241 1070 2327 Spirel
1110 2253 1288 2307 conventus
1325 2247 1412 2330 prin-

288 2326 397 2412 cipum
418 2327 463 2392 fit.
506 2327 558 2402 Iti
580 2329 751 2413 episcopus
777 2326 966 2408 Hostiensis,
995 2327 1045 2390 vir
1073 2325 1252 2411 religiosus,
1281 2338 1412 2393 sanctae

288 2407 452 2475 Romanae
482 2410 636 2476 ecclesiae
665 2410 801 2496 legatus,
828 2408 972 2475 consulto
1000 2408 1119 2474 domno
1149 2410 1325 2498 apostolico
1352 2413 1413 2478 Oa-

287 2493 378 2574 lixto,
400 2495 627 2581 imperatorem
647 2494 754 2560 banno
770 2492 917 2560 absolvit.
953 2495 1133 2580 Imperator
1153 2517 1240 2576 vero,
1263 2506 1300 2560 ut
1314 2496 1413 2562 eccle-

289 2578 435 2643 siasticae
457 2580 603 2645 iusticias
632 2578 838 2662 satisfaceret,
868 2579 1074 2644 investituras
1103 2577 1413 2645 aecclesiasticarum

290 2661 482 2747 dignitatum
515 2674 625 2728 sancto
657 2663 753 2728 Petro
786 2663 919 2744 remisit,
950 2664 996 2727 ita
1028 2662 1205 2745 dumtaxat,
1237 2675 1282 2746 ut,
1312 2665 1413 2731 libera

216 2805 221 2814 ,
290 2745 445 2812 electione
467 2748 658 2834 precedente
681 2756 713 2812 et
735 2769 893 2811 canonum
914 2748 1072 2832 gravitate
1093 2759 1290 2832 conservata,
1311 2750 1412 2836 impe-

351 2909 380 2976 *)
399 2910 454 2961 Aa
475 2909 553 2963 adda
572 2913 679 2963 Porro
700 2914 848 2963 comites
870 2909 1092 2978 capenberg,
1112 2912 1169 2977 qui
1194 2911 1295 2964 huius
1321 2914 1411 2966 facti

399 2984 609 3036 videbantur
624 2991 803 3050 auctores,
819 2985 1022 3052 penitencia
1039 2984 1150 3047 ducti,
1163 2984 1280 3037 seculo
1293 3003 1411 3039 renun-

401 3059 599 3122 ciaverunt,
615 3051 821 3125 Capen'berg
841 3063 991 3109 castrum
1011 3060 1045 3108 iu
1065 3057 1254 3109 claustrum
1269 3075 1411 3113 commu·

400 3137 572 3194 taverunt,
593 3138 731 3183 centum
751 3137 785 3183 et
803 3133 952 3200 quinque
977 3130 1236 3183 ministeriales
1263 3137 1411 3200 copiose

399 3205 673 3257 inbeneficiatos
693 3222 767 3256 cum
787 3205 925 3270 prediis
944 3205 1064 3255 multis
1079 3206 1323 3257 sanctoPaulo
1337 3223 1410 3275 apo·

400 3277 493 3330 stolo
513 3279 736 3331 donaverunt.

291 3389 493 3398 ”“”-
632 3406 795 3458 Recenrto
815 3404 857 3455 11.
877 3405 968 3455 cosa
987 3405 1021 3456 B.
1043 3404 1070 3456 o,

619 3492 668 3556 17.
712 3491 807 3556 Anno
829 3489 962 3555 Domini
986 3491 1077 3555 1122.

362 3576 545 3641 Fridericus
576 3573 824 3664 [Coloniensisd]
855 3572 1115 3722 archiepiscopus
1146 3595 1220 3638 cum
1243 3576 1412 3643 Colonien.

289 3660 378 3725 sibus
395 3659 561 3744 (larpence
576 3658 742 3723 castellum
756 3659 960 3745 imperatoris
975 3659 1045 3724 obsi
1070 3681 1137 3740 ens,
1158 3660 1244 3745 cepit
1258 3670 1290 3724 et
1304 3661 1411 3729 diruit.

364 3749 444 3802 Circa
471 3751 569 3801 testum
597 3754 690 3801 sancte
712 3750 815 3800 Mariae
836 3749 913 3816 Spire
940 3755 1087 3800 conventus
1116 3751 1265 3817 principum
1291 3751 1335 3816 fit;
1364 3755 1411 3805 ubi

289 3823 442 3875 Hoetiensis
462 3825 613 3889 episcopus,
632 3827 743 3874 sanctae
761 3824 900 3874 Romanae
919 3822 1071 3874 aecclesiae
1091 3821 1207 3888 legatus,
1230 3826 1411 3878 consulente

289 3897 438 3964 apostolico
464 3895 578 3959 calixto,
604 3897 792 3962 imperatorem
818 3897 906 3948 banno
930 3896 1054 3947 absolvit.
1091 3897 1242 3962 Imperator
1265 3907 1410 3952 econtra

289 4039 313 4094 a)
329 4053 389 4092 pene
405 4041 455 4083 Aa
515 4039 539 4094 h)
556 4041 695 4090 Warteburg
711 4042 760 4082 Aa.
806 4041 976 4094 c)raapcracr.
994 4042 1043 4086 Ar.
1058 4057 1088 4077 =
1104 4039 1128 4094 d)
1143 4043 1199 4082 deest
1214 4043 1257 4084 01.
1315 4044 1338 4097 e)
1353 4046 1411 4087 Xer.

289 4112 350 4151 pene
366 4101 412 4140 atta
427 4111 494 4140 manu
509 4111 528 4143 c.
542 4100 608 4140 XIII.
624 4102 792 4151 superscriptum
806 4101 826 4140 B
835 4104 861 4152 1,·
876 4106 895 4141 ct
910 4103 943 4141 tta
959 4101 1002 4142 02.

291 4243 319 4308 1)
338 4241 380 4294 De
399 4249 512 4306 tempore
531 4260 556 4294 v.
576 4241 686 4296 Sola-B.
701 4245 809 4310 p.194.
886 4241 915 4310 2)
937 4241 1144 4310 cs.LL.11‚p.
1161 4245 1203 4296 ⁷4.
1260 4243 1306 4311 .3)
1324 4241 1411 4296 Aliter

287 4315 465 4367 Ekkcltardas
485 4333 511 4368 a.
529 4316 606 4368 1123.
626 4333 681 4369 rem
699 4326 804 4371 narrat.
860 4314 890 4383 4)
911 4314 951 4383 Cy.
965 4316 1084 4368 Ausetani
1096 4326 1164 4369 cont.
1178 4315 1276 4384 Siqcb„
1292 4315 1343 4369 Sd.
1363 4317 1410 4382 VI,

283 4406 313 4456 p.
332 4390 395 4442 3⁷3.
472 4388 501 4457 5)
520 4388 549 4443 S.
569 4390 677 4443 Mariae
695 4390 779 4443 nativ.
853 4388 883 4456 6)
908 4390 1074 4442 Worrnatiac.
