3122 4978
321 387 376 436 210
433 382 621 438 ennomus
640 380 753 433 REGIA
773 379 1020 432 COLONIENSIS.
1041 378 1144 433 CONT.
1159 377 1212 430 111.
1230 377 1264 429 A.
1279 375 1359 426 1203.

721 553 882 607 Recensio
902 552 927 604 1.
946 561 975 603 et
994 552 1040 605 II.

245 644 388 710 nousiot
415 643 571 728 impensis
593 662 693 726 super
715 662 823 704 omnes
846 637 929 702 alios
952 638 1142 722 confidebat,
1164 638 1261 701 mittit
1284 636 1330 700 ad
1351 657 1439 699 eccer-

323 729 423 793 citnm
444 735 606 807 nostrum,
631 725 689 810 qui
709 719 875 788 Blakerne
891 721 1067 808 palacium
1096 723 1190 787 nobis
1218 721 1276 785 sub
1298 723 1439 805 impera

321 814 404 877 toris
425 820 454 874 et
475 833 534 874 suo
555 812 739 874 iuramento
766 809 928 892 promittit
953 809 990 871 in
1018 806 1189 885 obsidium,
1219 806 1319 869 donec
1346 803 1438 867 nobis

321 905 440 960 cuncta
457 895 627 978 promissa
648 892 842 957 reddantur.
875 891 1010 954 Accedit
1025 891 1070 954 acl
1085 890 1259 974 palacium
1280 889 1438 972 recipien-

322 980 401 1043 dum
428 979 548 1042 nobilis
574 977 738 1058 marchio,
771 974 884 1040 illudit
904 973 1043 1039 Aleuius
1071 975 1272 1054 marchioni,
1302 983 1331 1036 et
1359 993 1438 1058 quos

319 1065 389 1128 iam
411 1063 503 1128 uobis
526 1062 661 1126 dederat
682 1062 801 1146 spretis
824 1059 999 1140 obsidibus,
1022 1067 1175 1123 consueta
1191 1059 1349 1142 periuria
1371 1078 1437 1120 nou

320 1156 458 1212 veretur.
502 1146 604 1210 Nocte
625 1147 775 1209 insecuta
798 1143 1020 1228 Morcbuflus⁸
1041 1143 1172 1207 domiuo
1199 1165 1257 1206 suo
1275 1145 1437 1226 periurus

320 1240 350 1295 ct
379 1230 482 1310 nobis,
512 1228 625 1294 Grecis
657 1227 819 1296 reddendi
848 1227 941 1291 nobis
966 1227 1101 1310 palacii
1125 1226 1244 1290 revelat
1274 1226 1436 1306 arclano,

321 1323 417 1400 atque
440 1336 480 1378 eu
502 1314 560 1377 boc
582 1315 619 1376 in
641 1321 839 1396 perpetuum
864 1315 910 1376 eis
939 1314 989 1376 eri
1014 1314 1027 1375 i
1054 1311 1230 1375 libertatem
1255 1321 1284 1375 et
1312 1310 1436 1374 adhoc

319 1398 426 1462 modis
464 1396 611 1462 omnibus
647 1397 843 1475 oeru'eudum
878 1419 945 1460 esse
981 1335 1137 1475 declarat,
1173 1397 1240 1460 nisi
1275 1394 1437 1458 deiciatur

320 1481 469 1546 Aledius.
511 1480 617 1546 'Cuius
640 1480 844 1564 proditionis
871 1481 982 1544 merito
1014 1481 1133 1545 tercius
1165 1480 1201 1542 in
1231 1479 1310 1542 urbe
1338 1479 1438 1564 impe-

318 1575 414 1630 rator
442 1565 609 1630 attollitur.
658 1565 699 1628 Iu
728 1565 896 1629 dominum
929 1564 1134 1628 dormientem
1159 1571 1188 1627 ct
1215 1565 1265 1627 rei
1293 1565 1437 1627 nescium

320 1649 504 1734 sacrilepas
536 1649 633 1712 mittit
661 1670 794 1728 manus,
827 1670 961 1734 eumque
990 1670 1120 1712 carcere
1149 1656 1228 1711 tetro
1257 1647 1437 1727 includens,

321 1736 465 1812 tercium,
481 1732 705 1819 Nyctotauub
727 1734 901 1816 quendam,
924 1733 982 1817 qui
998 1732 1091 1817 upucl
1105 1729 1263 1795 Sanctam
1276 1730 1320 1796 So
1347 1732 1438 1795 biam

319 1817 507 1902 imperiales
528 1814 659 1900 iufulas
674 1818 800 1880 noviter
815 1825 1008 1901 usurparat,
1030 1816 1189 1880 traditam
1204 1816 1264 1880 sibi
1279 1839 1300 1879 a
1313 1755 1438 1897 lineus,

320 1905 471 1986 quicum
493 1901 695 1983 creaverant,
719 1901 918 1986 proditione,
947 1923 1066 1964 rursus
1088 1902 1308 1981 incarcerat⁰;
1351 1921 1436 1963 mor-

319 1995 437 2071 tuoque
469 1994 546 2070 post
581 1984 745 2048 modicum
781 1986 970 2070 Tyrsacleio,
1008 1986 1065 2070 qui
1102 1987 1248 2048 animum
1275 1982 1348 2068 filii
1384 1985 1439 2048 sui

314 2091 379 2155 pre
407 2069 566 2149 omuibus,
595 2078 631 2132 ut
658 2067 837 2151 dicebatur,
868 2092 890 2132 a
912 2069 1005 2133 nobis
1035 2079 1206 2150 coemerat,
1237 2067 1437 2133 acclamante

319 2153 403 2232 clero
426 2153 603 2218 Grecorum
631 2163 660 2215 et
681 2153 816 2238 populo,
843 2162 879 2216 ut
905 2154 944 2217 de
966 2162 1056 2216 terra
1077 2153 1259 2217 tolleremur
1279 2155 1316 2217 iu
1339 2151 1438 2233 breui,

320 2246 447 2302 tantum
491 2239 689 2322 sanquinem
730 2247 878 2301 nostrum
922 2236 1112 2301 sicientibus
1149 2236 1281 2318 Grecis,
1326 2236 1438 2323 prelia

319 2331 435 2387 contra
449 2344 509 2386 nos
519 2323 676 2406 proditor
696 2321 789 2385 iam(¹
804 2322 911 2385 dictus
933 2323 1118 2404 instaurat,
1140 2321 1251 2385 urbem
1273 2321 1437 2384 machinis

319 2415 348 2468 et
371 2404 640 2490 propupuaculis
668 2407 806 2486 munit0,
828 2429 967 2504 quorum
996 2429 1166 2470 numerum
1195 2428 1285 2470 nemo
1308 2407 1438 2470 viderat

318 2513 483 2576 umquam.
508 2488 649 2575 Cumque
659 2511 774 2552 murus
788 2512 892 2553 merae
906 2489 1102 2569 latitudinis,
1118 2488 1287 2575 lapidibus
1302 2491 1439 2553 minutis

318 2583 519 2658 cementoque
552 2574 740 2636 tenacitatis
773 2583 802 2636 et
826 2573 999 2655 firmitatis
1030 2578 1186 2659 antiquae
1222 2583 1436 2654 constructus,

317 2660 355 2723 in
388 2655 490 2720 adum
521 2657 616 2721 ualde
649 2679 864 2744 consurpens,
896 2667 1003 2721 turres
1037 2659 1166 2722 baberet
1202 2658 1437 2742 amplissimas,

315 2741 456 2826 pedibus
471 2743 600 2805 circiter
632 2742 855 2826 uinquapenis
867 2751 896 2805 et
902 2742 1008 2827 paulo
1014 2741 1095 2826 plus
1106 2745 1252 2807 minu-soe
1267 2742 1436 2822 distantes,

318 2827 404 2888 inter
426 2823 584 2909 quaslibet
606 2765 692 2888 duas
722 2849 743 2888 a
767 2835 867 2909 parte
893 2828 1008 2906 maris,
1038 2850 1101 2912 quo
1130 2836 1238 2890 noster
1264 2826 1438 2890 timebatur

319 2907 473 2988 assultus,
509 2910 612 2973 turris
640 2909 751 2994 lipnea
785 2912 926 2997 eripitur
953 2932 1054 2995 super
1080 2933 1210 2975 murum
1238 2910 1437 2975 stationibus

316 2990 421 3057 tribus
444 3001 503 3056 aut
524 3003 676 3077 quatuor,
697 2994 938 3058 multitudinem
961 2994 1199 3058 continentibus
1221 3004 1436 3075 armatorum,

317 3075 552 3140 nichilominus
574 3079 671 3141 etiam
691 3080 778 3142 inter
799 3078 958 3165 quaslibet
975 3079 1062 3142 duas
1084 3088 1190 3143 turres
1212 3101 1269 3142 seu
1279 3079 1437 3162 petraria

316 3183 375 3225 sou
403 3161 607 3247 mapouellus
635 3163 786 3248 eripitur.
831 3163 993 3227 Turribus
1024 3172 1130 3226 autem
1158 3165 1437 3248 supereripuntur

316 3243 448 3331 liqueat
469 3254 576 3309 turres
599 3243 776 3311 altissimae
797 3249 973 3311 stationum
998 3269 1069 3328 seu,
1099 3269 1199 3332 super
1221 3246 1279 3310 nef
1299 3269 1437 3332 suppre-

316 3351 404 3393 mam
425 3332 596 3393 stationem
619 3331 794 3394 aduersum
815 3353 874 3395 nos
892 3333 1118 3416 porripuntur
1144 3269 1263 3411 scalae,
1295 3330 1436 3415 apodia-

317 3414 445 3478 cioncs¹
462 3435 502 3476 eu
524 3422 664 3498 utruque
704 3424 772 3478 arte
787 3423 816 3476 et
824 3415 1086 3500 propupnacula
1102 3417 1309 3497 continentes,
1327 3415 1436 3500 paulo

316 3498 426 3562 minus
448 3497 583 3562 oucelsis
604 3438 771 3562 scaldrum
786 3499 960 3581 capitibus,
983 3508 1143 3584 quantum
1157 3501 1264 3563 iacere
1278 3502 1315 3565 in
1332 3499 1437 3564 altum

311 3590 422 3667 posset
444 3604 543 3646 arcus
565 3585 587 3645 d
609 3591 708 3645 terra.
751 3581 888 3646 Murum
909 3584 1006 3646 etiam
1030 3585 1140 3667 ipsum
1161 3605 1275 3646 murus
1297 3586 1437 3648 circum-

316 3667 443 3751 cinpitss
456 3665 601 3750 inferior
621 3664 832 3751 duppleuque
843 3665 1023 3750 fossatum,
1046 3689 1087 3729 ne
1105 3670 1210 3732 muris
1232 3665 1302 3730 ulla
1325 3668 1436 3752 appli-

315 3751 390 3812 cari
410 3748 554 3814 valerent
574 3751 723 3834 inpeuia,
751 3751 810 3814 sub
837 3752 956 3835 quibus
971 3759 1106 3835 possent
1127 3751 1259 3815 latitare
1271 3750 1437 3835 fossores.

315 3831 451 3895 Interim
477 3833 565 3896 mari
592 3841 743 3919 terraque
775 3857 836 3898 nos
866 3843 1033 3918 attemptat
1059 3834 1211 3918 perfidus
1243 3837 1437 3918 imperator,

316 3937 376 3979 nos
399 3937 525 3998 semper
546 3915 689 3981 Domino
707 3928 896 4004 protopante
924 3928 953 3982 et
981 3940 1057 3983 suos
1070 3917 1262 4002 frustrante
1284 3929 1437 3984 conatus.

245 4023 246 4028 ¹
315 3998 405 4062 Nam
424 4008 535 4082 preter
556 4000 798 4066 ordinationem
827 4012 972 4067 nostram
1001 4003 1047 4068 ud
1071 4004 1214 4089 predam
1241 4003 1438 4068 victualium

316 4139 339 4192 ι)
356 4141 497 4183 Morohultus
513 4143 556 4184 02.
633 4142 657 4195 b)
673 4144 805 4196 Nykolnum
821 4148 870 4190 Bl.
940 4144 962 4197 c)
978 4147 1228 4190 incarceramus.
1244 4147 1288 4191 02.
1363 4146 1387 4200 d)
1403 4149 1442 4190 tn·

316 4200 391 4241 dictus
405 4201 465 4241 codd.
511 4201 533 4253 s)
548 4203 581 4242 ita
596 4203 653 4244 Aru.
669 4209 688 4244 ct
704 4204 795 4256 Otnsra
807 4217 831 4256 p.
849 4207 906 4257 217,-
921 4207 1029 4247 muniunt
1043 4207 1104 4249 codd.
1164 4204 1272 4258 osupsr
1287 4217 1355 4256 quam
1371 4209 1440 4250 coda.

316 4258 340 4311 g)
356 4261 518 4310 circumglnfflt
532 4272 590 4302 corr.
607 4263 767 4314 circumcingit
781 4265 828 4307 Bl.

317 4372 346 4441 1)
364 4372 383 4427 i.
402 4393 427 4442 q.
449 4373 647 4430 adminiculum.
