3098 4982
290 341 346 391 280
422 337 608 391 OHRONIGA
627 337 739 390 REGIA
760 337 1014 390 commanem.
1035 337 1332 390 CONT.V.A.1241.

293 517 440 594 occupat,
463 517 494 572 et
515 504 661 572 similiter
682 505 918 589 Beneventum3
940 526 1015 568 nam
1037 504 1098 570 hoc
1120 514 1214 570 ante⁸
1237 504 1293 568 diu
1303 505 1427 570 Viter·
1483 574 1484 583 χ

291 591 381 656 bium
412 592 586 740 inpperator
617 589 794 655 habuerat·
826 611 899 654 eum
932 588 1003 654 aliis
1036 589 1143 655 multis
1175 590 1288 653 castris
1323 611 1427 676 pape

291 677 437 742 attinenti
461 697 508 745 us.

375 759 448 823 Hoc
474 780 557 823 anno
585 756 691 822 clades
720 755 858 823 exitialis
889 755 1001 844 populi
1030 756 1195 821 christiani
1221 765 1269 822 est
1297 757 1427 822 audita

292 843 379 929 apud
408 865 466 908 nos
494 843 534 908 de
561 841 702 907 adventu
730 841 946 923 Tartarorum,
981 841 1021 906 de
1050 862 1186 928 quorum
1218 840 1424 906 crudelitate

292 949 385 994 aures
414 935 522 992 nostre
550 927 689 992 tinniunt
715 935 747 990 et
776 925 874 990 corda
904 926 1161 990 contremiscunt.
1203 924 1275 989 Hee
1299 936 1421 990 autem

292 1034 381 1159 pens,
408 1011 526 1098 proutb
557 1009 682 1091 dicitur,
716 1033 732 1074 e
773 1031 844 1073 essa
872 1021 934 1074 exc
967 1007 1087 1074 ultimis
1119 1007 1263 1095 partibus
1285 1008 1419 1074 Scithie

305 1117 386 1181 onge
407 1095 491 1160 ultra
511 1092 645 1181 paludes
659 1093 748 1158 Meot
769 1092 859 1157 idesd
881 1092 997 1158 multos
1019 1091 1155 1193 populos
1178 1094 1418 1158 transmarinos

293 1189 325 1244 et
345 1179 546 1244 admarinose
570 1177 780 1264 perdomuitf,
810 1187 842 1242 et
864 1176 1044 1262 subiugata
1067 1177 1130 1242 sibi
1151 1178 1267 1243 Ruscie
1288 1179 1419 1262 regniS,

261 1262 352 1328 eboc
374 1285 457 1328 anno
480 1264 568 1326 circa
590 1261 868 1348 quadragesimam
883 1261 1049 1326 Poloniam
1072 1272 1121 1327 est
1141 1263 1294 1409 inpressa,
1317 1263 1419 1326 cuins

314 1347 460 1411 lurimam
500 1356 601 1410 artem
616 1347 762 1427 vastavit,
786 1344 934 1431 spoliavit
949 1356 982 1410 et
1002 1345 1153 1426 incendit,
1198 1344 1419 1410 abitatoribus

327 1432 411 1516 gatis
431 1369 630 1495 veloeeisis.
673 1431 749 1516 Ipsa
771 1431 889 1495 etenim
910 1452 989 1515 gens
1011 1430 1045 1493 in
1068 1430 1216 1495 omnibus
1238 1429 1419 1495 crudeliter

294 1517 428 1596 seviens,
451 1512 529 1578 nulli
551 1513 655 1579 ordini
676 1516 822 1601 pepercit
835 1512 885 1579 vel
906 1512 1063 1599 religioni.
1100 1514 1179 1578 Dux
1199 1523 1306 1578 autem
1321 1513 1415 1578 Hen-

293 1601 379 1663 ricus
401 1599 441 1664 de
462 1597 699 1663 Fratisloviat·l
728 1597 849 1663 eisdem
881 1620 1048 1663 occurrens
1076 1619 1150 1662 cum
1179 1599 1317 1684 quodam
1344 1597 1416 1662 alio

294 1683 374 1748 duce
383 1694 404 1766 ²,
437 1684 470 1746 in
502 1681 602 1747 multa
623 1682 808 1747 fortitudine
836 1683 942 1747 victus
976 1692 1040 1764 est3
1072 1682 1129 1746 ubi
1151 1683 1214 1768 ipsi
1246 1682 1344 1746 duces
1380 1693 1418 1748 et

292 1766 383 1832 multi
410 1768 531 1831 strenui.
556 1766 673 1832 milites
702 1777 776 1831 sunt
804 1768 947 1848 extincti,
971 1776 1003 1830 et
1023 1787 1062 1830 ca
1087 1776 1122 1830 ut
1137 1766 1227 1831 ducis
1248 1776 1413 1831 resectum

293 1861 394 1915 estet
416 1850 455 1914 ab
478 1851 557 1951 ipsis
579 1851 809 1937 asportatumh.
852 1851 976 1915 Exiens
992 1788 1156 1914 aPolonia
1169 1850 1314 1937 predicta
1329 1872 1415 1934 gens

291 1935 469 2000 Moravianr
490 1944 587 2000 intrat
608 1945 648 2016 et,
672 1935 759 2020 quod
779 1934 965 2000 incredibile
987 1934 1076 2000 dictu
1092 1945 1149 2018 est,
1172 1935 1267 1999 unius
1289 1934 1354 1998 diei
1378 1944 1412 2000 et

291 2022 393 2085 noctis
416 2020 518 2106 spatio
540 2042 598 2105 per
649 2031 765 2084 uatuor
786 2019 897 2101 dietas,
926 2019 1125 2104 pertransitis
1146 2019 1266 2104 rapidis
1288 2017 1410 2094 fluviis,
1470 2033 1477 2043 ‘

293 2113 380 2168 mota
410 2114 468 2186 est,
501 2113 600 2168 totam
627 2042 800 2168 devastans
826 2104 1005 2167 Moraviam
1026 2114 1134 2188 preter
1156 2114 1260 2168 castra
1282 2112 1313 2168 et
1335 2102 1412 2168 loca

291 2189 422 2253 munita.
465 2188 503 2251 In
525 2188 660 2253 transitu
681 2189 777 2252 etiam
805 2187 885 2252 fines
907 2187 1122 2252 Missinensisi
1145 2187 1412 2272 diocesis-attigit
1511 2230 1512 2262 r

292 2282 324 2336 et
354 2271 401 2337 ibi
431 2271 585 2358 plurimas
618 2294 770 2358 personas
802 2273 947 2358 peremit.
1000 2270 1081 2335 Inde
1113 2273 1146 2335 in
1179 2271 1411 2356 Hungariamk
1512 2309 1513 2312 =

291 2357 495 2443 perveniens,
532 2355 683 2421 adiuncta
720 2356 782 2420 sibi
817 2367 911 2438 gente
949 2354 1182 2420 Comanoruml
1215 2355 1409 2439 truculenta,

291 2441 510 2505 cruentissima
525 2440 602 2504 cede
618 2439 773 2505 devastat.
806 2440 877 2504 Rex
891 2441 1119 2525 Hungarorum
1140 2439 1202 2504 illis
1225 2461 1410 2522 occurrens,

292 2526 393 2624 copiis
428 2525 622 2603 instauratis,
659 2546 732 2588 cum
764 2523 961 2588 validissimo
994 2525 1139 2589 exercitu
1174 2546 1270 2610 super
1301 2525 1410 2610 ripam

292 2608 460 2672 cuiusdam
493 2609 617 2672 amnis⁸
651 2607 805 2672 consedit.
849 2608 974 2672 Tartari
1005 2630 1081 2673 vero
1115 2631 1189 2673 eum
1223 2608 1410 2673 Comanism

292 2702 384 2756 nocte
407 2691 555 2778 quadam,
589 2692 641 2756 die
662 2693 720 2756 vix
741 2691 953 2774 illucescente,
984 2714 1110 2758 amnem
1139 2714 1236 2776 supra
1265 2703 1296 2756 et
1322 2691 1413 2756 infra

291 2776 463 2840 artificiose
484 2776 675 2856 traicientes,
704 2777 884 2840 exercitum
907 2777 1136 2876 Hungarorum
1168 2778 1333 2841 incautum
1361 2777 1418 2840 in-.

291 2860 421 2924 vadunt.
458 2860 612 2925 Extineta
625 2860 804 2926 referuntur
824 2860 871 2926 ibi
886 2871 1054 2945 sexagmta
1065 2861 1295 2947 Hungarorum
1309 2860 1412 2942 milia,

292 2944 375 3008 inter
396 2966 476 3031 quos
498 2943 561 3008 duo
585 2945 729 3032 episcopi
751 2954 783 3010 et
804 2944 894 3008 multi
916 2946 1107 3012 Teutbonici
1118 2957 1143 3027 ¹¹,
1166 2943 1314 3027 Gallici0,
1341 2955 1411 3010 tam

291 3028 415 3094 nobiles
448 3049 545 3114 quam
577 3028 734 3115 vulgares,
767 3031 924 3116 perieras.
966 3029 1038 3094 Rex
1069 3051 1147 3094 vero
1179 3028 1411 3114 Hungarorum

291 3111 368 3200 luga
396 3111 533 3200 elapsus,
567 3135 640 3178 cum
671 3114 783 3199 paucis
810 3115 867 3178 vix
897 3116 1009 3178 evasit.
1057 3113 1126 3178 Nec
1151 3135 1251 3194 mora,
1280 3113 1411 3179 Tartari

291 3196 465 3263 bestialiter
487 3198 644 3263 sevientes
655 3211 681 3280 t,
715 3219 842 3262 omnem
864 3197 1092 3282 Hungarorum
1121 3197 1284 3262 residuam
1305 3199 1410 3282 regio-

290 3294 382 3347 nemr
412 3290 548 3362 vastant,
581 3281 700 3346 incolas
735 3290 902 3346 conterunt
933 3292 981 3347 et⁵
1015 3282 1135 3368 fugant.
1180 3281 1248 3346 Nec
1279 3282 1411 3364 mirum,

291 3387 363 3431 cum
384 3370 502 3431 totumt
529 3387 665 3450 regnum
689 3365 856 3452 Hungarie
883 3364 949 3430 fere
976 3365 1095 3430 nullam
1124 3367 1287 3430 civitatem
1307 3366 1408 3429 muris

291 3451 446 3515 munitam
483 3449 631 3514 habuerit
666 3460 721 3515 et¹¹
759 3461 862 3515 castra
899 3449 999 3519 firma,
1074 3451 1145 3515 Rex
1187 3451 1296 3536 itaque
1334 3470 1411 3536 pro·

290 3534 324 3598 fu
348 3557 385 3599 us
415 3535 457 3599 ad
489 3533 604 3598 ducem
632 3533 763 3600 Austrie
795 3557 828 3599 se
861 3532 994 3600 eontulit
1026 3543 1059 3598 et
1088 3534 1316 3620 postmodumv
1348 3555 1411 3618 per

335 3620 496 3684 aciensem
528 3619 715 3705 episcopum
744 3618 784 3682 ab
817 3619 1007 3704 imperatore
1039 3618 1196 3682 auxilium
1222 3615 1410 3705 postulavit,

291 3817 315 3872 a)
330 3821 362 3860 aa
377 3820 434 3869 1213
458 3830 511 3860 nam
536 3820 579 3859 hoc
601 3829 662 3859 anno
679 3819 718 3858 dtu
732 3819 862 3862 viterbium
878 3818 978 3860 habebat
992 3820 1118 3868 imperator
1133 3819 1184 3859 Μ.
1234 3815 1406 3869 b)prtnsD1.

292 3877 313 3930 c)
329 3879 358 3918 ab
373 3879 424 3921 Da.
485 3879 508 3930 d)
523 3879 650 3919 Meothtcae
666 3878 716 3919 Dl.
777 3876 799 3929 e)
816 3889 868 3918 cum
885 3879 987 3918 marinos
1003 3878 1051 3919 Μ.
1111 3877 1190 3932 sletbt
1206 3877 1339 3926 perdomuit
1354 3876 1410 3919 M.

291 3937 314 3988 g)
329 3939 467 3978 Franslovta
483 3939 564 3979 ΒΗ.
629 3935 653 3987 h)
670 3940 706 3976 est
720 3941 862 3987 asportatum
879 3938 928 3979 Da.
996 3935 1155 3985 1)Mlenenste
1170 3937 1219 3976 Dt.
1287 3932 1312 3987 k)
1328 3936 1407 3984 enra-

291 3997 349 4037 rtam
365 3997 406 4036 Μ
422 3998 516 4047 saepias.
577 3994 594 4047 l)
612 3995 766 4037 (teutonorum
782 3997 831 4038 M.
891 3996 923 4048 m)
940 3996 1116 4039 eumeniam.
1175 3993 1407 4048 n)¹1¹eutoniciDt.

291 4053 471 4108 o)GellteD1.
545 4054 570 4105 p)
585 4057 703 4105 perierunt
718 4055 769 4098 Da.
844 4053 869 4107 q)
885 4055 1046 4097 desaevientes
1062 4056 1114 4099 Μ.
1190 4053 1209 4106 r)
1227 4065 1276 4104 reg.
1293 4065 1337 4096 res.
1353 4053 1411 4096 M.

291 4113 310 4166 e)
327 4124 355 4154 ec
370 4115 420 4156 Di.
480 4113 793 4165 cannamomum.
853 4112 877 4165 u)
893 4116 984 4156 12th.
1044 4112 1069 4166 v)
1086 4118 1168 4166 postea
1183 4114 1234 4156 Di.

293 4263 321 4332 1)
341 4264 473 4326 Brcslaa3
491 4264 567 4314 imnso
588 4264 642 4316 daos
661 4264 694 4316 de
715 4263 843 4332 Licqm‘ta.
864 4264 896 4317 A.
973 4263 1002 4333 2)
1015 4265 1138 4318 Bolcslao
1157 4265 1224 4317 duce
1243 4265 1276 4317 de
1293 4262 1407 4332 Oppcla.

291 4337 321 4405 3)
342 4335 406 4392 Salo
427 4337 520 4403 omna,
539 4334 585 4403 qui
602 4337 631 4389 in
654 4335 785 4391 libiarum
796 4338 912 4408 flavitae
930 4339 1025 4408 lestolt.
