3126 4976
318 366 369 416 122
515 365 703 418 ennomus
723 363 835 416 unam
856 364 1093 418 concursusls
1114 365 1146 417 s.
1168 332 1247 417 nm.

714 537 1034 592 RmmmchIL

311 662 375 725 pro
395 637 481 722 filiis
510 636 548 704 id
576 643 694 721 aperet.
737 633 819 697 Inde
841 643 896 714 est,
934 634 1020 719 quod
1041 633 1273 719 benipnitatem
1294 644 1435 702 vestrum

314 723 432 789 obnixe
447 723 672 805 deprecamur,
709 719 847 782 uatinus
862 727 985 782 vestrae
996 718 1168 783 Romanae
1178 720 1271 784 urbis
1282 720 1435 786 bonorem

313 818 342 872 et
364 808 454 871 sacri
475 813 610 869 senatus
632 740 861 867 evultationem
883 824 1008 886 semper
1023 805 1059 866 in
1074 802 1189 867 melius
1201 807 1433 889 promoveatis.

312 892 384 956 Nos
407 892 493 954 enim
515 897 544 953 et
564 887 698 953 inclitus
715 885 864 971 popalus
879 887 1050 950 Romanus
1067 888 1112 951 ad
1128 910 1218 952 omne
1240 889 1434 954 mandatum

313 986 342 1040 et
362 974 559 1040 voluntatem
579 980 720 1035 vestram
741 992 853 1033 sumus
876 979 904 1034 et
925 973 1045 1035 erimus
1067 993 1193 1056 semper
1214 975 1365 1058 expositi.

396 1057 500 1124 Simili
523 1055 619 1120 modo
642 1055 788 1118 Pisenses
810 1053 934 1138 prefato
955 1053 1076 1139 presuli
1098 1056 1308 1142 scripserunt:

396 1142 508 1226 Pbilip
535 1164 551 1205 o
579 1149 712 1204 sanctae
736 1137 938 1204 Coloniensis
960 1139 1111 1204 ecclesiae
1135 1141 1383 1227 archiepiscopo
1406 1151 1435 1206 et

313 1227 431 1292 ltaliae
454 1165 747 1290 arellicancellario
770 1222 963 1308 dipaissimo
978 1221 1179 1288 Pisanorum
1201 1225 1348 1290 consules
1363 1227 1433 1290 eius

303 1310 494 1395 fidelissimi
508 1307 644 1372 salutem
659 1317 688 1372 et
694 1306 793 1389 fidele
808 1308 991 1370 servicium.
1021 1307 1171 1394 Acceptis
1182 1311 1296 1373 vestris
1308 1309 1432 1374 deside·

311 1395 473 1460 rabilibus
500 1393 616 1458 litteris
645 1401 675 1456 et
696 1390 871 1477 dilipenter
892 1389 1068 1472 intellectis,
1105 1393 1264 1458 euultavit
1284 1394 1321 1456 iu
1343 1394 1434 1458 nobis

312 1503 369 1545 cor
389 1487 545 1558 nostrum,
568 1485 597 1541 et
613 1477 816 1560 pernimium
838 1473 966 1538 alacres
977 1475 1070 1559 facti
1088 1500 1210 1556 sumus,
1233 1477 1320 1562 quod
1334 1500 1434 1542 sacru

310 1567 464 1630 maiestas
485 1562 696 1645 imperatoris
717 1581 817 1642 super
862 1559 1061 1624 roditoribus
1084 1571 1112 1624 et
1129 1563 1279 1646 periuris
1300 1563 1433 1647 imperii

310 1649 440 1712 veniam
469 1669 536 1710 non
554 1643 799 1729 postulantibus
822 1582 1080 1717 ilrnestissimum
1104 1648 1230 1732 accepit
1252 1647 1433 1712 consilium.

316 1733 433 1797 Omnes
469 1731 555 1794 vires
590 1737 619 1791 et
651 1727 752 1791 robur
786 1729 920 1813 imperii
955 1729 1118 1810 excitavit,
1155 1754 1190 1794 re
1216 1752 1247 1792 es
1277 1730 1432 1811 diversos,

309 1825 418 1902 pentes
429 1814 632 1900 plurimaset
646 1813 784 1876 extimas
799 1812 950 1875 nationes
966 1812 1012 1875 ad
1021 1753 1259 1878 vindicandam
1270 1816 1433 1880 iniuriam

309 1923 403 1965 suam
418 1899 558 1975 festinat
579 1898 744 1973 iuducere,
768 1896 1043 1980 archiepiscopos,
1080 1899 1261 1983 episcopos,
1293 1898 1433 1980 abbates,

310 1985 417 2062 duces,
439 1982 656 2060 marchiones,
674 1979 856 2064 palatinos,
873 1983 1010 2061 comites,
1025 1979 1142 2046 liberos
1157 1991 1186 2047 et
1200 1981 1431 2047 ministeriales

309 2079 338 2132 et
359 2067 526 2148 infinitam
547 2064 787 2130 multitudinem
811 2073 982 2149 potentum
1003 2068 1150 2130 virorum
1172 2066 1432 2150 eapeditionem⁰

255 2195 258 2204 ι
308 2153 549 2218 validissimam
579 2152 615 2214 in
639 2147 796 2234 proximo
824 2149 862 2212 in
884 2147 1018 2213 Italiam
1037 2151 1294 2233 promovendam
1315 2152 1431 2215 iurare

299 2237 394 2323 fecit.
430 2235 485 2299 En
507 2257 574 2320 qua
595 2255 631 2298 re
652 2255 724 2312 nos,
746 2233 805 2315 qui
825 2235 871 2296 im
896 2234 963 2296 erio
977 2231 1168 2314 fidelissimi
1189 2256 1315 2334 semper
1336 2237 1431 2299 eusti-

309 2323 417 2399 timus,
448 2341 512 2404 pre
545 2320 655 2383 ceteris
689 2314 768 2380 aliis
792 2255 950 2398 fidelibus
968 2317 1169 2464 pandemus,
1207 2341 1287 2404 quea
1309 2320 1347 2382 in
1360 2318 1432 2401 fide

310 2415 339 2469 et
371 2403 543 2468 dilectione
572 2405 663 2466 circa
698 2399 869 2483 imperiale
907 2400 965 2464 dia
990 2425 1061 2466 ema
1093 2405 1374 2486 perseveravimus
1403 2412 1432 2468 et

309 2489 463 2554 bonorem
484 2486 616 2568 imperii
638 2506 762 2568 semper
778 2506 842 2569 pre
865 2485 968 2548 oculis
991 2485 1154 2550 babemus.

393 2571 484 2635 Haec
499 2571 607 2654 itaque
618 2568 837 2632 Romanorum
859 2577 891 2633 ct
905 2569 1095 2632 Pisanorum
1118 2570 1238 2655 scripto
1258 2591 1300 2633 an
1320 2570 1431 2636 favore

309 2678 350 2720 an
372 2655 486 2719 timore
507 2654 710 2740 imperatoris
733 2651 858 2737 digesta
881 2653 954 2734 sint,
976 2654 1134 2718 incertum
1158 2663 1215 2718 est.

392 2739 455 2804 Per
476 2737 563 2802 idem
576 2748 704 2823 tempus
719 2736 898 2800 Attrabatis
915 2738 1051 2822 contigit
1068 2761 1117 2802 res
1133 2739 1232 2824 digna
1246 2738 1431 2802 memorial.

308 2822 402 2888 Miles
435 2824 520 2887 enim
553 2821 685 2907 quidem
714 2820 889 2885 admodum
920 2820 1076 2886 litteratus
1109 2822 1149 2886 de
1171 2843 1306 2906 corpore
1332 2820 1432 2885 domi-

308 2908 381 2972 nico
416 2907 498 2972 bene
536 2908 650 2986 sensit,
696 2903 820 2970 scilicet
857 2905 944 2990 quod
985 2927 1045 2969 nec
1087 2929 1145 2991 per
1180 2909 1337 2971 vomitum
1374 2911 1433 2970 seu

309 2992 526 3077 egestionem⁰
548 2998 778 3074 corrumpatur.
808 2988 840 3052 Α
862 3011 925 3074 quo
948 2989 1081 3074 quidam
1103 2988 1237 3055 clericus
1248 2990 1433 3054 Rubsrtusl

307 3076 447 3156 nomine,
470 3074 647 3140 subtilitere
670 3074 809 3160 quidem,
838 3082 887 3137 set
907 3072 1062 3139 inutiliter
1083 3073 1248 3155 litteratus,
1272 3077 1432 3139 contrariu

308 3160 358 3225 his
379 3170 412 3224 et
432 3158 504 3224 ideo
526 3157 668 3222 heretica
689 3159 839 3238 sentiens,
862 3158 945 3222 inter
966 3157 1194 3222 conferendum
1217 3159 1376 3240 dissensit,
1400 3169 1432 3225 et

308 3245 354 3308 ite
383 3243 507 3329 questio
535 3242 576 3305 ad
606 3242 795 3341 episcopum
825 3240 930 3306 delata
957 3252 1014 3307 est.
1066 3243 1129 3323 Qui
1152 3242 1431 3390 archiepiscopum

308 3328 500 3394 Remensem
528 3349 601 3390 cum
632 3325 835 3391 multrtudine
865 3324 942 3389 cleri
969 3325 1149 3407 advocavit,
1187 3338 1218 3392 et
1268 3350 1322 3391 um
1372 3349 1431 3393 aec

309 3413 433 3499 questio
456 3411 676 3493 discuteretur,
698 3410 861 3496 predictus
884 3407 1030 3491 clericus,
1052 3411 1137 3497 quod
1152 3432 1216 3474 non
1232 3409 1334 3474 solum
1349 3411 1432 3477 foret

307 3497 478 3576 hereticus,
515 3505 564 3560 set
596 3503 627 3559 et
659 3493 738 3558 alios
769 3493 893 3558 foveret
924 3502 956 3558 et
988 3493 1174 3559 defenderet
1205 3495 1374 3577 hereticos,
1410 3519 1432 3564 a

308 3580 416 3645 multis
439 3588 488 3644 est
509 3589 688 3644 accusatus.
721 3579 864 3663 Purgare
888 3600 964 3663 crgo
986 3578 1104 3643 famem
1128 3601 1218 3642 suam
1242 3579 1281 3643 dc
1304 3579 1432 3645 obiecta

307 3665 412 3729 heresi
434 3663 554 3728 iudicio
577 3662 741 3729 candentis
762 3662 838 3726 ferri
858 3662 993 3727 frustras
1013 3685 1071 3748 pro
1098 3674 1227 3746 onensg,
1249 3673 1314 3727 tam
1329 3664 1432 3728 mani-

308 3748 389 3813 feste
410 3746 483 3812 Deo
507 3756 658 3832 operante
680 3746 805 3828 cecidit,
827 3746 935 3833 quodh
958 3768 1022 3811 non
1044 3686 1147 3812 solum
1169 3750 1203 3811 in
1225 3747 1367 3829 dextere,
1395 3749 1431 3813 in

310 3855 373 3919 qun
394 3831 515 3896 ferrum
536 3831 693 3914 gestabat,
731 3838 779 3894 set
801 3841 833 3895 et
854 3831 887 3893 in
910 3832 1037 3895 sinistra
1058 3853 1156 3896 manu
1177 3841 1208 3898 et
1229 3833 1262 3896 in
1284 3833 1431 3919 utrisque

308 3913 446 4002 pedibus
463 3924 495 3980 et
510 3913 683 3978 ambobusi
701 3912 864 3995 lateribus,
879 3916 913 3978 in
927 3924 1056 4000 pectore
1069 3916 1234 3981 similiterl
1258 3918 1430 3982 etvsntre¹

308 4008 419 4065 ustura
439 3997 628 4063 mirabiliter
649 3999 814 4084 apperuit,
850 4000 936 4064 unde
958 4021 1000 4064 ex
1021 4001 1172 4066 mandato
1194 4001 1432 4088 archicpiscopi

307 4085 376 4170 igni
397 4082 534 4147 iniectus
556 4092 588 4146 et
609 4083 793 4148 combustus
815 4092 872 4148 cst.

309 4263 505 4316 detextam
566 4261 799 4316 b)mem0rissA1.
862 4263 1060 4316 aperturi.
1122 4264 1145 4319 d)
1162 4255 1367 4316 Rdb.B1;Rob.
1386 4265 1430 4309 01.

309 4322 474 4375 e>suptAL
520 4320 675 4381 Odeutffttt.
742 4324 955 4390 g)pponensBl;
977 4335 1109 4376 preponens
1134 4326 1175 4366 02.
1243 4324 1431 4378 mutemus

309 4383 394 4424 usas.
457 4381 676 4434 sinuatos.
753 4383 942 4434 mumulus.
1002 4383 1019 4436 1)
1037 4385 1099 4426 inv.
1117 4385 1162 4428 os.
