3122 4978
236 355 555 409 1111110111111
575 355 826 409 COLONIENSIS.
846 357 948 409 CONT.
959 357 1011 410 111.
1030 357 1063 407 A.
1076 357 1155 409 1201.
1213 357 1266 407 199

518 529 682 582 Receaaio
702 531 727 582 Ι.
748 531 841 583 codd.
863 530 890 582 0.

227 616 291 680 Per
322 614 408 679 idem
439 624 567 700 tempus
594 614 739 698 Alexius,
768 625 859 703 patre
887 625 945 680 suo
973 616 1075 681 eiecto
1105 623 1137 680 et
1163 616 1265 680 incar·

145 710 262 782 cerato,
277 699 318 764 de
330 697 447 764 Grecis
468 698 603 782 fugiens,
626 701 713 765 venit
734 702 768 764 in
782 699 1006 765 Alemanniam
1022 698 1064 763 ad
1078 698 1264 785 Philippum

143 806 178 848 re
201 805 263 865 em,
286 783 440 847 sororium
463 805 567 867 suum,
589 794 622 848 et
643 783 689 848 ibi
711 807 769 871 per
790 783 912 873 aliquot
933 793 1059 870 tempus
1083 783 1267 848 demoratur

143 877 176 933 et
212 866 362 932 onorifice
383 876 548 932 tractatur.

227 949 351 1015 Eodem
372 972 455 1015 anno
474 950 703 1016 Balduwinus⁸
718 973 825 1018 comes
844 951 993 1018 Flandrie
1008 973 1080 1016 cum
1096 950 1195 1016 multo
1210 973 1265 1036 ap-

142 1045 259 1120 paratu
272 1033 513 1099 lherosolimam
525 1035 636 1101 tendit.
659 1036 831 1102 Transieus
847 1047 955 1101 autem
966 1036 1145 1116 Franciam,
1160 1035 1265 1099 infini-

142 1128 208 1183 tam
225 1120 406 1203 pecuniam,
421 1140 519 1204 quam
534 1120 664 1204 quidam
681 1119 791 1204 Falco,
807 1121 863 1206 qui
883 1119 1051 1185 dicebatur
1072 1118 1264 1184 mirabilium

143 1213 315 1288 operator1,
323 1203 365 1266 ad
377 1201 437 1265 hoc
445 1203 505 1267 iter
516 1215 777 1290 congregaverat,
787 1203 827 1268 ab
840 1205 910 1289 ipso
922 1205 1073 1288 suscepit.
1093 1204 1266 1268 Inveniens

142 1289 239 1350 etiam
249 1286 369 1351 ibidem
380 1286 582 1352 Bonifacium
594 1287 811 1352 marchionem
826 1287 866 1353 de
877 1288 1111 1366 Monte-ferreo,
1122 1287 1267 1352 hortatur

141 1392 215 1435 eum
237 1391 333 1435 cruce
364 1371 484 1455 signari
506 1381 538 1436 et
565 1394 674 1436 secum
703 1372 874 1457 proficisci.
924 1372 991 1452 Qui
1011 1372 1095 1436 votis
1119 1371 1188 1435 eius
1210 1392 1265 1434 an·

140 1476 243 1518 nuens
272 1464 305 1519 et
329 1475 389 1540 pro
405 1456 533 1519 nomine
547 1455 645 1520 lhesu
668 1477 794 1522 crucem
816 1455 879 1520 sibi
901 1455 1044 1541 affigens,
1067 1455 1187 1519 iturum
1209 1454 1264 1518 seh

140 1538 308 1624 promittit.
354 1536 495 1603 Consilio
511 1540 621 1626 itaque
636 1541 718 1604 inter
737 1562 791 1605 eos
808 1538 927 1622 habito,
948 1538 1109 1625 quendam
1122 1536 1264 1603 nobilem

141 1623 248 1686 virum
270 1621 312 1685 ad
326 1620 530 1688 fabricandas
549 1645 648 1688 naves
671 1645 743 1688 cum
766 1625 902 1708 pecunia
916 1623 1113 1707 premittunt.
1158 1622 1264 1703 Quem

141 1706 313 1804 prosecuti,
325 1707 515 1770 invenerunt
526 1730 599 1770 eum
611 1706 684 1792 plus
696 1729 792 1794 quam
805 1708 969 1791 octoginta
979 1706 1069 1770 milia
1079 1728 1264 1771 marcarum

140 1812 175 1852 1n
190 1790 390 1854 extractione
405 1791 537 1854 navium
552 1791 755 1876 expendisse.
786 1791 850 1856 Sed
866 1812 939 1854 oum
977 1801 1086 1874 ropter
1124 1811 1212 1854 aeem
1228 1791 1263 1852 in

141 1874 362 1938 transmarinis
383 1874 527 1960 partibus
557 1876 640 1939 inter
662 1874 849 1939 christianos
872 1883 904 1938 01
925 1813 1068 1939 ethnicos
1089 1812 1208 1938 ddctam
1231 1882 1264 1939 et

141 1956 299 2022 diutinam
323 1968 502 2022 ceterorum
524 1960 779 2044 expectationem
796 1981 853 2044 per
867 1957 998 2042 longum
1013 1968 1140 2043 tempus
1156 1978 1263 2021 moras

141 2041 293 2123 facerent,
317 2042 578 2128 consumptisque
601 2043 750 2108 omnibus
795 2065 835 2107 ue
858 2041 1047 2123 extulerant,
1069 2063 1163 2126 egere
1185 2041 1264 2104 inci·

141 2134 263 2210 perent,
290 2126 358 2189 dux
378 2126 588 2190 Veneciarum
600 2137 621 2208 ²,
643 2127 693 2190 vir
713 2065 990 2212 prudentissimus,
1020 2123 1149 2190 eosdem
1172 2124 1262 2204 adiit,

141 2207 281 2294 plurima
310 2231 443 2274 munera
470 2208 586 2294 optulit
614 2219 646 2274 et
672 2232 800 2274 omnem
826 2210 968 2295 inopiam
996 2207 1124 2274 illorum
1159 2206 1263 2272 suble-

141 2315 218 2357 vare
239 2293 396 2378 promisit,
425 2293 452 2357 si
474 2294 514 2358 ad
537 2295 786 2379 expugnandam
809 2293 971 2381 quandam
992 2293 1154 2356 civitatem
1176 2291 1264 2376 regis

143 2375 285 2460 Ungarie
312 2379 441 2442 nomine
470 2377 635 2458 lazarimss,
673 2399 746 2442 cum
779 2400 817 2444 eo
846 2377 1008 2463 proficisci
1047 2375 1262 2460 disponerent.

142 2460 224 2524 Nam
247 2461 281 2523 in
304 2461 415 2525 eadem
438 2461 568 2527 civitate
596 2461 683 2526 idem
712 2463 780 2527 dux
808 2472 922 2548 captus
944 2471 976 2525 et
998 2471 1127 2525 cecatus
1148 2460 1262 2524 fuerat.

141 2543 193 2608 Illi
222 2567 299 2609 vero
332 2544 578 2629 considerantes,
616 2544 679 2610 sibi
735 2548 881 2611 eouniam
910 2545 1064 2610 defecisse
1099 2566 1160 2608 nec
1194 2544 1263 2606 sine

141 2629 268 2711 magnis
291 2628 471 2715 sumptibus
493 2652 589 2716 posse
634 2569 794 2712 recedere,
824 2651 885 2694 nee
907 2630 1038 2694 honeste
1060 2627 1102 2691 ad
1123 2628 1263 2714 patriam

140 2712 255 2796 redire,
278 2714 502 2778 conmunicato
519 2652 664 2797 consiho,
681 2736 755 2778 cum
770 2713 824 2779 illo
839 2712 986 2799 profecti,
1009 2713 1170 2776 civitatem
1185 2733 1262 2774 mox

140 2797 375 2882 aggrediuntur
403 2806 435 2861 et
463 2809 660 2884 expugnant,
690 2808 908 2886 expugnatam
930 2806 1086 2878 evertunt,
1117 2796 1203 2861 cives
1230 2796 1264 2859 in

140 2903 196 2945 ore
210 2879 317 3028 ἔ111111
332 2880 490 2962 occidunt,
512 2883 675 2966 ingentem
698 2882 831 2982 predam
852 2881 933 2947 inibi
947 2892 1107 2966 repertam
1124 2881 1206 2945 inter
1228 2902 1264 2944 se

142 2964 208 3028 divi
232 2974 290 3029 unt
311 2975 343 3030 et
364 2987 439 3029 cum
459 2966 611 3031 maximis
627 2965 737 3051 spohis
751 2967 886 3031 nimium
900 2964 1085 3050 locupletati
1099 2964 1262 3030 recedunt.

506 3081 672 3134 Rccenaa'o
693 3083 733 3134 ΙΙ.
753 3083 848 3134 codd.
868 3083 902 3134 B.
1003 3129 1005 3132 .

227 3156 279 3206 Per
296 3155 369 3205 idem
388 3161 494 3222 tempus
513 3157 623 3207 Alexius
645 3182 677 3192 -
699 3184 732 3192 -
752 3161 890 3208 tractatur.
910 3163 941 3205 ut
959 3152 1086 3206 Beccaar‘o
1105 3153 1130 3204 I.

226 3228 330 3279 Eodem
344 3244 413 3279 anno
427 3229 598 3281 Baldewinus
612 3245 701 3280 comes
710 3229 855 3280 Flaudriae
867 3244 926 3278 curn
937 3227 1021 3278 multo
1031 3233 1160 3293 apparatu
1170 3227 1263 3277 Ihero·

141 3305 262 3357 solimam
273 3308 366 3358 tendit.
390 3296 595 3382 Veniensque
606 3295 648 3360 ad
658 3318 746 3360 mare
758 3317 832 3359 cum
843 3294 1017 3359 Bonefacio
1028 3293 1210 3356 marchione
1222 3293 1262 3358 de

141 3377 376 3460 Monte-ferreo,
389 3380 444 3465 qui
459 3380 489 3444 ei
503 3381 537 3443 in
550 3380 605 3445 via
619 3382 758 3444 sociatus
772 3379 890 3461 fuerat,
905 3379 1080 3441 maximam
1094 3377 1263 3461 pecuniam
1289 3430 1291 3436 ,

141 3471 170 3518 11
203 3471 381 3521 exstructione
406 3472 514 3521 navium
541 3471 667 3522 ibidem
701 3471 853 3537 expendit.
913 3469 979 3520 cum
1006 3473 1110 3518 autem
1136 3465 1193 3515 diu
1212 3466 1262 3516 ibi

142 3549 456 3609 morarenturpropter
475 3544 736 3597 adventantium
756 3543 1020 3610 peregrinorum
1041 3541 1260 3607 expectacionam

142 3622 171 3676 et
189 3621 298 3681 propter
323 3617 434 3666 datam
455 3633 550 3683 pacem
569 3619 597 3668 in
616 3619 798 3669 transmarinis
817 3617 938 3682 partibus
963 3617 1033 3665 inter
1057 3614 1215 3664 christianos
1235 3617 1262 3664 et

143 3695 272 3768 qthnicos,
307 3683 486 3769 cotidieque
522 3685 660 3768 pecunia
693 3683 872 3766 deficiente,
902 3711 980 3762 egere
1002 3689 1169 3758 ¹inciperent,
1207 3691 1262 3743 dux

141 3773 320 3824 Veneciarum
341 3774 450 3824 eoadem
469 3774 546 3838 adiit,
571 3776 686 3841 plurima
704 3791 815 3827 munera
833 3773 929 3842 optulit
949 3779 980 3824 01
999 3771 1033 3822 ad
1055 3769 1260 3838 expugnandam

141 3852 276 3917 quandam
298 3843 436 3904 civitatem
457 3856 528 3920 regis
550 3857 668 3922 Ungarie
690 3857 796 3923 nomine
819 3852 995 3918 Sadram³,
1022 3838 1079 3903 ubi
1099 3837 1187 3902 idem
1210 3859 1261 3901 ce-

142 3931 232 3987 catus
253 3923 366 4006 fuerat,
387 3939 566 3989 invitavit.
612 3940 674 4002 Qui
695 3939 917 3988 necessitate
939 3937 1054 4001 inopie
1078 3933 1259 4000 compulsi,

142 4029 215 4064 mox
235 4029 295 4064 eum
313 4014 361 4066 illo
379 4015 502 4081 profecti,
522 4017 657 4067 civitatem
677 4016 869 4081 aggrediuntur
888 4021 915 4066 et
938 4019 1100 4080 expugnant,
1124 4014 1261 4078 ingentem

141 4087 252 4153 predam
265 4087 333 4138 inibi
346 4095 477 4155 repertam
490 4093 560 4139 inter
575 4105 604 4140 se
619 4089 750 4150 dividunt,
770 4096 797 4140 et
821 4104 880 4139 curn
897 4089 1019 4139 maximis
1038 4086 1131 4152 spoliis
1150 4088 1262 4137 nimium

141 4230 165 4283 a)
181 4233 316 4274 Baldwinua
332 4234 374 4276 02.
434 4233 459 4286 b)
475 4236 530 4275 deest
546 4234 589 4277 01.

144 4361 172 4430 1)
195 4363 224 4416 V.
244 4382 328 4432 cupra
341 4383 373 4432 p.
394 4369 455 4418 173.
531 4365 560 4434 2)
579 4365 723 4420 1111111110
743 4367 878 4422 Daedalo.
955 4363 985 4432 3)
1005 4363 1115 4427 ludera,
1135 4361 1219 4414 Zara.
