3122 4978
210 405 398 458 CHRONICA
417 407 530 460 REGIA
550 408 802 464 COLONIENSIS.
822 412 926 464 coNT.
939 413 992 464 111.
1012 413 1045 466 A.
1061 415 1140 467 1203.
1193 417 1246 468 21³

527 583 697 637 Berensis
717 584 741 636 Ι.
761 593 791 637 et
809 585 851 638 Il.

114 663 225 748 fessi⁸
240 666 415 751 deponunt,
432 670 470 734 de
482 671 609 734 assultu
618 669 832 756 palaciorum
846 675 882 738 in
898 676 1043 739 crastino
1058 678 1243 741 tractaturi·
1255 703 1322 745 troc.

126 747 213 813 Suos
235 750 397 838 recollipit
410 755 590 838 imperator
611 765 639 819 et
661 759 842 820 crastinam
858 757 1009 821 hortatur
1024 758 1070 821 ad
1077 782 1244 860 pupnam,

128 855 287 916 asserens,
317 839 406 922 quod
432 849 560 903 nostros
588 843 626 904 in
652 848 812 924 potestate
840 864 929 905 nunc
958 841 1101 906 babeant
1128 845 1245 908 rntrab

126 941 295 983 murorum
317 932 411 1008 septa
433 922 618 1005 conclusos;
648 925 705 988 sed
726 933 816 988 nocte
837 925 976 989 latenter
997 926 1055 989 dat
1076 936 1170 1013 terpa
1192 929 1246 992 de-

126 1005 239 1067 victus.
283 1003 358 1081 ‚Quo
381 1017 552 1092 comperto,
576 1006 756 1072 Grecorum
778 1005 872 1093 plebs
903 1011 1052 1090 attonita,
1083 1011 1144 1074 de⁰
1172 1013 1245 1076 sub·

125 1089 289 1152 stituendo
322 1094 520 1176 imperatore
549 1101 748 1176 pertractat,
781 1101 810 1155 ct
842 1094 920 1157 dum
952 1116 1048 1157 mane
1069 1094 1169 1180 facto
1202 1097 1248 1159 ad

125 1174 381 1238 nominationem
422 1177 595 1242 cuiusdam
634 1175 844 1241 Constantini
878 1177 1081 1263 procedunt,
1148 1179 1247 1244 editos

126 1259 240 1336 nostri,
278 1281 344 1322 non
377 1269 566 1345 euspectata
603 1260 835 1324 deliberatione
867 1263 1047 1341 maiorum,
1080 1201 1146 1326 adp
1157 1285 1248 1327 arma

119 1341 316 1425 prosiliunt,
349 1353 378 1406 ct
404 1354 497 1430 terpa
527 1344 683 1408 dantibus
706 1343 830 1424 Grecis,
854 1344 1069 1430 fortissima<l
1091 1356 1120 1410 et
1141 1349 1247 1411 muni-

125 1425 254 1488 tissima
270 1426 415 1511 palacia
437 1428 701 1514 relinquuntur,
728 1437 857 1514 totaque
886 1429 922 1492 in
953 1439 1108 1494 momento
1131 1431 1247 1495 ciuitas

126 1508 295 1578 obtinetur.
339 1511 517 1596 Diripitur
532 1534 688 1598 equorum
706 1514 883 1576 innumera
904 1513 1097 1596 multitudo,·
1121 1516 1200 1578 auri
1218 1525 1248 1579 et

125 1595 267 1682 arpenti,
298 1597 488 1677 sericorum,
511 1599 744 1682 preciosarum
765 1599 901 1661 vestium
930 1607 1025 1683 utque
1047 1620 1248 1683 pemmarum

125 1687 154 1740 et
177 1680 321 1742 omnium
336 1702 447 1744 eorum
470 1705 554 1766 quae
578 1682 618 1744 ab
642 1681 825 1745 bominibus
846 1683 933 1744 inter·
956 1683 1092 1746 diuitias
1115 1704 1245 1768 compu-

123 1771 240 1824 tantur
260 1771 327 1827 tam
353 1766 584 1829 inestimabilis
612 1764 862 1829 habundantiaf
889 1767 1087 1850 repperitur,
1118 1775 1154 1829 ut
1174 1776 1247 1829 tan-

124 1856 191 1909 tum
213 1855 282 1910 tota
303 1871 370 1912 non
397 1850 563 1913 uideretur
586 1848 759 1932 possidere
781 1849 958 1912 Latinitas.
1002 1850 1045 1912 Et
1088 1851 1126 1912 ui
1148 1860 1247 1914 antea

117 1953 235 2015 pauca
257 1943 469 2017 nepaoerant,
493 1943 612 1996 cuncta
633 1932 752 1996 nobis&
768 1933 880 1996 divino
902 1934 1028 1997 iudicio
1043 1873 1126 1998 reqlin
1151 1943 1246 2015 uunt,

122 2024 158 2077 ut
180 2037 290 2079 secure
312 2018 471 2097 dicamus,
493 2027 529 2079 ut
550 2018 681 2080 maiora
696 2017 748 2079 bis
764 2016 956 2080 mirabiliah
979 2018 1069 2081 circa
1092 1957 1246 2081 beborum

123 2121 221 2163 casus
244 2099 336 2163 nubta
360 2123 514 2184 umquam
536 2111 651 2164 narret
673 2101 832 2186 hystoria,
855 2109 891 2163 ut
913 2099 1048 2185 impieta
1062 2101 1246 2186 propbetia

121 2183 296 2267 manifeste
317 2186 471 2248 uideatur
493 2188 529 2248 in
551 2185 656 2264 nobis,
679 2207 762 2268 quae
785 2185 884 2247 dicit:
907 2185 1133 2270 ‘Persequetur
1155 2208 1243 2248 unus

122 2290 163 2330 en
184 2268 273 2331 vobis
295 2279 421 2332 centum
443 2268 596 2350 alienos,
627 2271 718 2354 quia,
740 2269 770 2330 si
791 2269 878 2333 inter
900 2267 1048 2354 singulos
1070 2270 1408 2353 uictoriamnaassno.

115 2353 326 2436 parciantur,
343 2352 476 2438 quilibet
490 2376 530 2416 eu
545 2353 667 2417 nostris
689 2374 756 2415 non
766 2353 945 2437 pauciores
962 2361 1082 2437 quecuna
1097 2361 1241 2416 centuma

122 2445 181 2499 aut
211 2435 347 2500 obsedit*
378 2446 436 2499 aut
463 2438 550 2500 uicit.
593 2437 691 2500 Nunc
720 2445 826 2499 autem
851 2459 918 2501 non
947 2436 1040 2500 nobis
1069 2438 1242 2501 uictoriam

121 2543 335 2605 usurpamus,
359 2523 438 2605 quia
457 2521 596 2584 salvavit
618 2521 682 2585 sibi
704 2521 839 2584 deutera
854 2521 1001 2601 Domini,
1024 2528 1053 2582 et
1071 2520 1241 2586 bracbium
1250 2545 1374 2598 osseos,
1386 2546 1408 2590 1.

121 2606 253 2668 uirtutis
275 2607 345 2668 eius
359 2603 535 2668 revelatum
557 2615 602 2668 est
624 2603 726 2669 nobis.
770 2602 801 2666 A
816 2605 959 2668 Domino
975 2604 1242 2689 tantumfactum

121 2697 168 2752 est
188 2689 287 2768 istud,
318 2697 346 2752 et
374 2691 608 2773 superomnia
629 2687 800 2752 mirabilia
820 2688 971 2752 mirabile
1000 2698 1045 2751 est
1073 2689 1110 2753 in
1139 2689 1242 2753 oculis
1251 2707 1287 2748 Pe.
1304 2707 1354 2755 117,
1368 2707 1406 2750 2³·

120 2774 253 2835 nostris.
303 2771 477 2836 Ordinatio
499 2775 605 2858 ipitur
627 2794 710 2858 quae
732 2773 942 2856 disponenda
960 2795 1071 2837 rerum
1086 2773 1243 2859 poscebat

121 2866 266 2936 euentus,
300 2856 346 2920 ad
374 2856 553 2920 electionem
584 2857 795 2941 imperatoris
828 2858 1032 2934 conanimiter
1064 2880 1103 2921 ac
1135 2858 1243 2922 deuote

145 2941 338 3022 rocedimus,
371 2948 400 3003 et
430 2943 519 3003 omni
546 2940 720 3003 ambitione
749 2940 886 3020 seclusa,
916 2964 988 3004 cum
1017 2940 1037 3004 6
1065 2940 1244 3006 baronibus

115 2964 313 3088 blenetorum
333 3023 531 3088 uenerabiles
556 3026 645 3087 uiros
668 3025 836 3108 episcopos
858 3034 997 3105 nostros,
1019 3024 1244 3106 Suessiouuk,

121 3108 444 3172 Habuerstadensem¹
473 3117 527 3172 etm
553 3109 758 3171 Trecensem¹¹
792 3118 820 3170 et
841 3109 1031 3172 dominum⁰
1053 3107 1242 3174 Betlebemi·

122 3201 270 3270 sanans,
293 3196 350 3276 qui
372 3191 561 3276 apartibus
583 3193 822 3256 transmarinis
845 3190 1028 3277 apostolica
1051 3195 1244 3256 auctoritate

120 3275 214 3340 nobis
236 3275 356 3359 fuerat
388 3274 572 3361 debepatus,
598 3276 839 3340 clcconensem‘¹
872 3275 1002 3340 electum
1037 3274 1243 3421 abbatenspue

120 3359 259 3424 Lucedii
285 3360 494 3444 imperatoris
525 3358 602 3422 subr
622 3359 765 3423 Domino
786 3368 896 3422 nostro
919 3360 1145 3422 constituimus
1168 3381 1243 3422 eec-

121 3454 216 3508 tores.
263 3442 338 3523 Qui,
363 3445 512 3507 oratione
529 3445 695 3527 premissa
716 3452 751 3505 ut
774 3444 892 3522 decuit,
921 3443 1089 3507 dominica
1112 3442 1340 3508 Miseri-suis.

120 3527 238 3592 cordia
259 3528 398 3591 Domini
419 3549 599 3612 personam
626 3536 783 3608 nostram,
814 3527 901 3612 quod
931 3549 952 3589 a
974 3527 1095 3590 nostris
1117 3528 1242 3590 meritis

144 3611 237 3676 rocul
258 3621 339 3690 erat,
372 3613 575 3676 unanimiter
604 3634 643 3673 ac
666 3611 884 3696 sollempniter
911 3609 1087 3695 eleperunt,
1117 3609 1242 3674 diuinis

115 3635 276 3759 bbudibus
299 3695 382 3759 dero
405 3705 450 3759 ets
468 3717 514 3778 po
540 3694 595 3758 ubo
612 3698 764 3779 paritera
787 3695 989 3758 acclamante
996 3715 1007 3773 ;
1036 3694 1242 3779 sequentique

119 3780 288 3844 dominica
311 3784 393 3865 qua‘
415 3780 501 3843 ‘Iubi
515 3780 598 3865 ate'r
621 3787 784 3860 cantatur,
811 3779 1014 3864 precipiente
1035 3777 1129 3842 Petro
1161 3796 1356 3864 apo-umas.

118 4010 142 4062 a)
166 4012 221 4051 deest
241 4012 266 4051 B.
360 4007 384 4062 b)
408 4011 470 4051 tuter
491 4010 567 4050 012.
670 4008 691 4059 s)
708 4010 736 4049 ds
749 4008 753 4061 Ι
767 4010 883 4051 stituendo
905 4011 959 4060 313
984 4010 1131 4051 destituendo
1154 4011 1240 4059 reliqui.

117 4070 141 4122 d)
164 4072 281 4111 munitius.
305 4075 328 4110 et
350 4071 435 4110 fortiss.
458 4070 504 4108 Bl.
542 4117 546 4126 Ι
603 4067 625 4118 ε)
649 4069 779 4118 reliquatur
801 4070 847 4109 Bl.
864 4069 904 4109 02.
1002 4068 1021 4123 s)
1044 4067 1185 4118 habunltis
1201 4071 1241 4110 01.

116 4129 140 4182 g)
158 4131 237 4170 divino
253 4130 405 4170 nobis01.2.
480 4127 504 4178 h)
521 4127 666 4168 mirabiliora
680 4129 723 4168 01.
740 4129 762 4168 2.
843 4126 861 4177 1)
878 4132 919 4168 sut
939 4129 995 4166 visit
1017 4131 1057 4167 aur
1077 4129 1180 4178 possedit
1195 4128 1242 4167 Bl.

116 4188 143 4240 k)
160 4188 275 4229 Sounoua
292 4189 338 4239 015
354 4188 460 4228 stslofi
476 4188 517 4228 02.
549 4186 567 4237 1)
575 4187 779 4226 Helvorstsdensis
790 4187 830 4235 01,
845 4198 904 4228 corr.
921 4186 1112 4227 Hslvsrstsdsnsi
1129 4187 1169 4237 (ita
1183 4186 1202 4225 Β
1212 4184 1243 4236 s),

117 4259 144 4288 ac
159 4249 256 4298 deinceps
271 4248 467 4288 Helvenunenss
482 4247 535 4295 Bl;
556 4257 613 4284 corr.
628 4245 820 4286 Hslvorstadsnst
836 4245 877 4288 08.
937 4243 970 4297 m)
987 4255 1014 4284 so
1030 4245 1079 4284 Bl.
1146 4246 1170 4295 n)
1187 4245 1242 4284 Tro·

117 4313 161 4348 ceri
178 4308 225 4347 Bl.
242 4307 291 4357 015
307 4307 437 4346 Trecenum
454 4305 494 4345 02.
557 4302 580 4354 0)
597 4305 761 4354 dominumque
778 4305 853 4344 (71.1.
917 4302 942 4356 p)
959 4304 1175 4344 Bcshlesmttsnum
1192 4303 1244 4352 0¹3

116 4367 328 4406 Bethleemltsnum
345 4365 388 4405 02.
449 4363 581 4414 q)Accons
595 4363 655 4406 codd.
717 4363 736 4414 r)
754 4369 833 4403 nostro
849 4374 867 4408 s.
883 4364 912 4403 D.
928 4363 1009 4413 01.s;
1024 4361 1244 4409 nonanoeane.

116 4423 139 4476 s)
156 4435 184 4465 so
200 4425 248 4466 Bl.
309 4423 495 4476 t)inqusB1.
554 4420 579 4474 u)
595 4422 614 4462 1.
630 4422 681 4463 Deo
697 4421 747 4463 Bl.
