3098 4982
154 384 343 437 OHRONICA
355 385 469 436 REGIA
484 385 737 438 COLONIENSIS.
758 385 860 438 CONT.
871 387 919 438 lv.
938 388 970 439 Δ.
983 387 1062 438 1224.
1075 387 1154 438 1225.
1194 388 1247 440 2ὅὸ

212 552 286 616 Ηοο
313 573 395 616 anno
421 561 491 618 erat
517 553 642 639 hiemps
664 552 853 638 longissima
885 564 918 619 et
938 554 1032 621 valde
1060 557 1247 641 asperrima,

127 636 228 701 fames
250 637 352 700 eciam
373 657 492 722 magna
512 629 718 720 elinandus,
740 660 798 723 per
819 636 983 703 biennium
1006 639 1195 725 perdurans,

492 719 609 786 Anno⁸
631 722 764 786 Domini
788 724 878 788 1225.

213 805 385 868 Heinricus
412 828 471 870 rex
499 807 622 868 curiam
652 805 765 871 habuit
786 806 1062 892 Frankinvorthe3
1094 809 1150 872 ubi
1179 810 1247 893 qui-

130 888 203 953 dam
234 889 425 975 episcopus²
456 889 573 953 missus
602 913 622 954 a
648 914 724 976 rege
752 889 869 977 Anglie
898 913 971 955 cum
1001 894 1115 957 ceteris
1144 893 1156 956 i
1181 893 1247 958 sius

129 972 242 1057 legatis
263 974 365 1055 affuit,
387 971 548 1056 laborans,
569 985 605 1038 ut
626 975 636 1037 i
661 997 696 1038 se
717 998 777 1039 rex
792 975 1031 1041 matrimonium
1047 915 1248 1043 contraheret

129 1079 203 1120 curn
226 1079 334 1122 sorore
355 1057 441 1156 regis
463 1057 589 1142 Anglie.
635 996 700 1124 ded
728 1082 802 1122 eum
831 1058 903 1124 talis
933 1069 1115 1125 contractus
1138 1058 1248 1147 displi-

129 1143 248 1206 cuisset
268 1141 470 1228 principibus
497 1164 557 1206 nee
579 1144 739 1228 potuisset
766 1143 885 1208 habere
914 1166 1112 1230 processum,
1138 1145 1248 1209 nuncii

127 1227 233 1290 inacte
255 1234 468 1290 revertuntur.

212 1309 339 1374 Eodem
361 1332 445 1374 anno
468 1309 600 1396 quidam
621 1310 807 1376 heremitico
830 1311 941 1376 habitu
962 1311 1091 1377 indutus
1113 1334 1134 1376 a
1154 1311 1249 1376 Flan-

127 1393 319 1458 drensibus⁰
352 1404 383 1459 et
410 1395 691 1478 Hanaugiensibus
716 1417 776 1480 pro
801 1406 848 1460 ter
875 1394 1115 1461 similitudinem
1143 1395 1249 1461 vultus

127 1487 260 1564 putatus
283 1488 332 1544 est
345 1478 443 1544 fuisse
459 1500 565 1544 eomes
580 1481 724 1564 ipsorum
739 1417 916 1544 Balduinus
926 1480 950 1562 ἀ,
973 1480 1029 1567 qui
1043 1490 1117 1545 ante
1131 1478 1249 1545 multos

121 1583 229 1626 -annos
264 1561 653 1648 Constantinopolitanum
687 1563 825 1650 adeptus
863 1565 1033 1650 imperium
1067 1565 1101 1628 in
1130 1563 1249 1628 Grecis

128 1648 278 1732 perierat,
294 1647 482 1713 sicutdocet
493 1648 626 1711 historia
636 1657 658 1729 ³,
674 1659 706 1713 et
719 1647 761 1712 ab
776 1649 856 1733 ipsis
871 1648 932 1712 ade
948 1649 1101 1714 honorem
1113 1649 1248 1713 comicie

128 1731 262 1815 rapitur.
306 1730 371 1809 Qui
392 1753 450 1816 per
471 1730 553 1795 duos
574 1753 701 1796 menses
722 1753 872 1818 magnam
912 1741 1013 1796 artem
1035 1733 1136 1797 terrer
1156 1754 1250 1796 occu·

129 1836 220 1900 pans,
244 1824 358 1879 ornatu
379 1813 539 1901 imperiali
554 1825 759 1902 purpuratus,
781 1755 972 1901 precedhnte
987 1838 1021 1881 se
1037 1838 1141 1898 cruce,
1164 1818 1250 1881 sieut

27 1959 35 1976 ,
128 1921 198 1963 mos
231 1907 278 1963 est
312 1899 559 1986 imperatoribus
593 1899 804 1965 Constantino
830 1899 915 1982 olim,
952 1923 972 1963 a
1003 1923 1078 1986 rege
1110 1901 1249 1966 Franeie

127 1982 301 2048 Ludewico
328 1993 407 2069 aput
428 1984 586 2048 Peronam
613 1983 778 2049 castellum
801 1923 1009 2049 lliromandie
1031 1986 1249 2066 examinatum

129 2065 187 2131 uhi
209 2067 354 2132 detecta&
384 2069 452 2132 eius
479 2066 605 2132 fallacia
626 2092 646 2133 a
666 2091 701 2133 re
725 2092 752 2151 e,
782 2080 873 2155 parte
900 2079 1007 2134 tamen
1034 2090 1164 2134 suorum
1186 2069 1249 2132 sibi

129 2151 309 2233 adherente,
330 2152 547 2238 proficiscitur
568 2175 681 2218 versus
702 2091 881 2235 lloloniam,
904 2153 1013 2217 dicens
1036 2174 1070 2216 se
1092 2151 1249 2216 auxilium

130 2257 262 2322 querere
284 2236 325 2302 ab
348 2236 538 2321 Engilberto
561 2237 813 2322 archiepiscopo,
844 2238 899 2323 qui
920 2245 998 2303 tunc
1020 2236 1111 2322 regni
1132 2237 1248 2302 Teuto-

128 2320 194 2383 nici
208 2319 426 2406 gubernacula
441 2321 580 2386 tenebat.
613 2322 679 2387 Ubi
695 2345 728 2386 se
743 2321 854 2385 furtim
869 2321 1059 2386 subtrahens
1081 2344 1102 2386 a
1116 2343 1248 2385 suorum

129 2407 306 2484 consoreio,
340 2405 503 2491 solivagus
525 2406 659 2490 aufugit,
681 2405 924 2492 archiepiscopo
946 2425 1124 2492 numquam
1146 2405 1215 2470 viso
1223 2414 1246 2469 ⁴.

127 2489 205 2552 Post
230 2490 393 2554 modicum
421 2491 454 2554 in
476 2491 667 2576 Burgundia
695 2491 823 2575 agnitus
852 2500 884 2555 et
910 2490 1068 2572 detentus,
1099 2490 1133 2554 in
1153 2489 1248 2554 Flan-

128 2572 231 2636 driam
266 2573 433 2657 reductus,
468 2586 547 2660 aput
577 2573 683 2640 Risle⁵
724 2573 890 2640 castellum
922 2573 1073 2640 Flandrie
1104 2573 1248 2659 patibulo

128 2655 270 2721 elevatus
291 2657 406 2743 laqueo
428 2657 527 2723 vitam
549 2660 628 2741 finit,
652 2682 770 2744 magna
790 2669 882 2744 parte
903 2657 1005 2744 plebis
1028 2660 1152 2723 eciamh
1174 2667 1249 2745 post

127 2751 264 2806 mortem
286 2743 393 2826 ipsum
414 2742 512 2807 fuisse
535 2766 647 2808 verum
669 2745 820 2808 comitem
842 2743 1079 2811 contendentel.

211 2825 294 2889 Item
321 2826 392 2911 ipso
420 2848 504 2890 anno
526 2827 554 2890 7.
575 2827 653 2891 Idus
675 2827 867 2893 Novembris
889 2827 1342 2912 Engilbertussenera-mar.

128 2906 202 2972 bilis
214 2906 414 2974 Coloniensis
426 2909 560 2974 ecclesie
572 2912 844 2996 archiepiscopus
856 2913 969 2996 paterk
979 2922 1087 2977 nostre
1092 2913 1196 2997 patrie
1204 2912 1247 2977 etl

129 2993 228 3057 decus
240 2993 428 3074 Theutonie,
440 2992 517 3057 hen!
536 2997 682 3059 acomite
692 2994 738 3081 ,de
753 2995 970 3079 Isenbergms,
983 3007 1119 3082 cognato
1135 2996 1247 3082 ipsius,

129 3076 354 3143 miserabiliter
367 3077 555 3143 trucidatur.
599 3078 768 3166 Siquidem
781 3079 846 3141 iam
862 3077 968 3143 dictus
984 3101 1091 3144 eomes
1106 3077 1248 3163 regalem

129 3160 300 3227 ecclesiam
322 3163 356 3226 in
370 3162 562 3246 mendene,
585 3163 676 3226 euius
697 3163 784 3227 idem
805 3161 982 3228 advocatus
1005 3174 1084 3244 erat,
1106 3163 1247 3228 violenta

129 3248 338 3332 oppressione
374 3246 555 3328 lacerabat,
591 3247 737 3312 homines
775 3247 859 3311 dicte
895 3246 1030 3312 ecclesie
1067 3246 1247 3311 durissimis

127 3332 269 3416 angariis
284 3342 316 3396 et
329 3331 529 3417 parangariis
544 3331 726 3418 affligendo.
772 3333 877 3412 Quem
898 3352 972 3394 curn
995 3331 1036 3396 ab
1051 3332 1111 3394 hac
1131 3329 1248 3393 iniuria

128 3415 313 3501 prohiberet
334 3415 605 3502 archiepiscopus,
636 3417 691 3503 qui
716 3426 792 3481 tunc
815 3415 983 3480 Teutonici
1003 3414 1095 3500 regni
1115 3411 1247 3479 tutelam

129 3613 151 3665 a)
166 3627 221 3666 qnae
236 3623 432 3668 sewunturuoque
441 3618 470 3658 ad
478 3628 499 3657 a.
512 3617 577 3659 1226.
594 3615 640 3655 alia
647 3626 714 3655 manu
721 3615 803 3664 sarapta
811 3618 862 3653 aaut
870 3614 890 3652 B
900 3616 920 3654 1.
959 3611 982 3664 h)
992 3611 1164 3654 Frankinvorth
1172 3611 1216 3654 01.
1225 3614 1246 3652 2.

129 3672 150 3724 ο)
167 3675 333 3716 FlandresIhus
349 3677 398 3726 013
421 3676 612 3718 Flsndrlenslhns
630 3676 671 3716 02.
760 3673 783 3725 d)
798 3674 949 3713 ledewlnns
969 3673 1040 3714 (11.2.
1124 3669 1147 3722 e)
1163 3675 1187 3712 et
1202 3672 1246 3713 02.

129 3731 309 3784 odeest01.2.
348 3734 569 3788 peeeretrcra.
608 3731 754 3785 h)et01.2.
793 3730 810 3783 i)
828 3732 1080 3774 contendentesotrr.
1117 3729 1247 3781 k)p.n.p.

129 3792 294 3834 etd.'1'.alr'e
309 3805 383 3841 manu,
398 3799 423 3834 ut
437 3795 528 3842 affletur,
543 3795 567 3834 in
582 3793 628 3833 loco
643 3804 695 3833 roeo
711 3793 759 3831 131.
803 3789 821 3842 l)
838 3795 862 3832 et
877 3792 946 3831 decus
962 3793 1005 3833 dea.
1023 3792 1065 3832 02.
1116 3789 1149 3840 m)
1164 3790 1249 3830 Ysem-

128 3851 198 3892 borch
214 3853 256 3893 Ol.
316 3852 341 3904 n)
357 3853 462 3894 ascende
479 3855 521 3895 01.

131 4001 160 4068 1)
174 4003 266 4068 potius
291 4002 390 4054 Ubnoe.
467 4001 496 4070 2)
517 4003 645 4054 Walterue
670 4003 807 4068 epiecopus
833 4002 866 4054 de
892 4000 1018 4062 Oarlisle;
1049 4000 1083 4067 cf.
1110 4000 1249 4065 epistolam

128 4077 184 4128 cius
204 4095 248 4144 ap.
261 4074 449 4143 champollion,
464 4075 573 4128 ‘Letlrea
589 4077 635 4128 des
650 4076 704 4128 reis
717 4076 750 4127 dc
765 4073 876 4127 France'
890 4075 915 4140 1,
928 4077 972 4128 44.
989 4081 1013 4127 et
1025 4075 1128 4133 maer,
1142 4073 1249 4140 ‘diopet-

128 4149 191 4202 bert'
205 4169 238 4218 p.
259 4150 322 4201 347.
398 4147 427 4215 3)
446 4150 489 4201 De
507 4149 641 4201 Balaleisa·
663 4159 744 4201 morte
768 4147 839 4200 nihil
859 4150 889 4200 in
912 4149 964 4200 bac
986 4147 1112 4200 chronica
1136 4148 1249 4198 relatum

128 4232 175 4275 est.
251 4224 281 4290 4)
301 4223 385 4275 Aliter
404 4223 527 4274 Alterius
547 4222 624 4275 Stant.
645 4241 670 4276 a.
692 4222 771 4274 1224.
786 4240 817 4288 p.
832 4224 898 4286 3585
918 4224 952 4289 cf.
973 4221 1067 4274 Fickcr
1079 4222 1097 4272 l.
1111 4221 1129 4273 l.
1139 4237 1169 4285 p.
1181 4218 1249 4280 248,-

127 4295 266 4349 Lehmamn
282 4315 313 4363 p.
327 4298 371 4350 66.
411 4294 440 4360 d)
455 4297 557 4364 RymeI,
570 4296 648 4351 Lille.
691 4295 720 4364 6)
739 4296 780 4348 De
799 4313 827 4348 eo
847 4299 881 4364 cs.
900 4296 1060 4357 Lacomblet,
1080 4293 1250 4345 ‘Urbanum-

128 4369 204 4423 baeh’
224 4381 270 4424 etc.
289 4372 343 4436 IV,
359 4388 389 4436 p.
411 4371 472 4423 790.
493 4371 582 4424 maor.
603 4371 634 4424 P.
712 4369 739 4436 7)
759 4370 853 4422 Essem.
