3126 4976
272 411 459 462 ossomes
479 401 591 463 asom
613 403 854 466 concursusrs
874 417 906 465 A.
929 415 1009 466 nar.
1031 414 1110 467 nae.
1223 417 1257 466 es

505 585 670 637 Recensio
690 586 715 638 I.
737 589 831 638 codd.
851 586 884 639 A.

514 672 609 734 Anno
632 672 765 736 Domini
789 673 879 738 1127.

206 755 279 818 Rex
293 754 429 818 natalem
446 754 579 818 Domini
595 753 749 820 Coloniae
768 755 916 838 celebrat,
939 757 1071 824 absente
1086 760 1256 845 episcope,

131 838 349 925 epyphaniam
371 860 447 904 vero
463 837 669 926 Aquisgrani,
707 840 759 904 Ibi
777 843 966 906 temerarius
980 843 1133 909 tumultus
1149 864 1257 908 coram
1268 865 1318 907 aa.
1330 867 1352 907 c.

131 945 208 1008 rege
231 925 383 1004 exoritur,
406 922 463 987 sed
490 923 709 989 moderatione
739 927 807 990 eius
836 924 1027 992 adnullatur.
1112 927 1258 992 Theode-

132 1008 219 1070 ricus
242 1009 432 1093 episcopus¹
456 1007 559 1092 pridie
581 1007 653 1076 Kal.
677 1009 790 1072 Marcii
813 1010 902 1076 obiit.
987 1010 1126 1075 Karolus
1140 1034 1379 1078 comessorem.

131 1090 303 1156 Flandriae
326 1100 357 1156 et
373 1090 593 1156 Willehelmus
616 1114 721 1157 comes
736 1093 944 1179 Burgundiae
967 1118 986 1159 a
1007 1096 1072 1159 suis
1087 1095 1259 1160 crudeliter

131 1176 367 1255 interimuntur,
400 1174 538 1240 Karolus
569 1176 700 1262 quidem
728 1179 762 1240 in
788 1178 924 1243 eeclesia
951 1179 985 1242 in
1015 1181 1156 1245 oratione
1186 1202 1258 1264 pro·

132 1269 261 1340 stratus,
283 1259 475 1324 Wilhelmus
497 1283 575 1324 vero
598 1273 695 1326 noctu
724 1263 759 1325 in
789 1262 936 1327 cubiculo
965 1285 1034 1328 sue.
1116 1264 1258 1344 Quidam

131 1344 273 1408 nefarius
295 1344 390 1407 homo
415 1343 622 1410 Gissilbertus
650 1345 765 1429 dictus,
796 1349 851 1432 qui
879 1347 1043 1412 dominum
1071 1371 1164 1412 suum
1192 1349 1259 1433 epi·

133 1450 271 1514 scopum
294 1429 531 1494 Traiectensem
555 1440 587 1494 et
607 1429 759 1495 ecclesias
781 1432 845 1495 Dei
867 1432 926 1496 sub
950 1453 988 1496 eo
1017 1433 1138 1517 positas
1166 1454 1258 1519 supe·

131 1513 272 1578 rioribus
298 1514 390 1576 annis
420 1515 528 1599 sepius
556 1513 757 1598 infestabat²,
788 1516 1026 1600 conprehensus
1053 1517 1143 1582 iussu
1172 1517 1258 1600 regis

133 1596 304 1683 capitalem
321 1599 509 1662 sententiam
525 1600 678 1684 accepiti·
689 1609 710 1668 ³.
755 1601 827 1664 Rex
838 1601 1021 1686 Norinberg
1032 1601 1145 1666 urbem
1157 1601 1259 1664 muni·

133 1678 289 1745 tissimani
313 1679 479 1746 obsidione
501 1683 652 1829 premit13
677 1693 726 1748 set
746 1684 792 1748 nil
814 1684 917 1749 relatu
938 1684 1071 1770 dignum
1087 1695 1259 1751 actum‘est

133 1766 189 1831 ibi.
255 1766 426 1829 Heinrious
442 1768 504 1831 Pat
527 1766 753 1832 erburnensis⁰
770 1768 863 1851 obiit;
888 1771 940 1832 cui
954 1768 1165 1834 Bernardusd
1189 1791 1258 1833 suc·

132 1850 239 1917 cessit.
292 1849 520 1914 Godeboldus⁰
547 1851 764 1916 Traiectensis
798 1853 892 1936 obiit,
922 1854 973 1916 cui
1001 1853 1149 1918 Andreas
1178 1853 1259 1918 Leo-

134 1933 253 1998 diensis
276 1936 458 2020 prepositus
480 1937 642 2004 suecessit.

513 2018 608 2082 Anno
629 2019 763 2082 Domini
790 2021 879 2085 1128.
1022 2087 1024 2091 Α

207 2101 278 2167 Rex
307 2101 445 2168 natalem
474 2102 608 2167 Domini
635 2103 824 2188 Wirciburg
852 2102 1001 2170 celebrat.
1049 2103 1100 2168 lbi
1130 2105 1258 2169 sinistro

133 2207 260 2250 rumore
276 2185 468 2271 percellitur,
485 2187 606 2252 scilicet
622 2186 834 2271 Ounradumf,
849 2187 980 2254 fratrem
995 2188 1150 2252 Friderici
1167 2187 1258 2251 ducis

135 2269 314 2349 Alsaeiaee,
337 2271 461 2356 regium
485 2293 602 2335 nomen
620 2294 801 2357 usurpasse.
845 2271 918 2337 Hac
940 2273 980 2338 de
996 2272 1259 2358 causaMagade-
1320 2319 1327 2340 2

136 2350 325 2438 burgensish
349 2366 380 2420 et
401 2355 607 2440 Mogontinus
631 2355 831 2441 archiepisco
856 2359 866 2420 i
893 2357 1051 2445 simulque
1073 2355 1180 2444 plures
1204 2355 1258 2420 alii

134 2438 189 2524 qui
217 2448 293 2502 tuno
321 2438 454 2503 aderant
481 2441 625 2526 episcopi
654 2440 792 2504 eundem
821 2379 1008 2506 dunradum
1042 2441 1259 2506 excommuni-

134 2531 299 2604 caverunt,
323 2532 355 2587 et
375 2534 488 2609 postea
510 2523 622 2589 eadem
646 2527 935 2590 excommunicatio
958 2548 977 2589 a
999 2526 1116 2590 domno
1132 2537 1259 2611 aposto-

132 2605 194 2669 lico
221 2607 452 2672 confirmaturi.
539 2607 634 2673 Circa
662 2609 779 2674 festum
809 2611 912 2674 sancti
939 2609 1091 2674 Iohannis
1120 2610 1258 2694 baptiste
1269 2627 1320 2671 Iun.
1331 2629 1369 2670 24.

474 2753 640 2806 Receasio
661 2754 702 2806 II.
723 2755 814 2806 codd.
835 2755 870 2806 B.
892 2753 920 2805 0.

475 2839 504 2902 3.
549 2842 643 2902 Anno
667 2841 799 2903 Domini
825 2841 914 2904 1127.

207 2929 265 2978 Rex
285 2928 402 2978 natalem
420 2929 529 2978 Domini
550 2929 680 2980 Coloniae
701 2931 826 3002 celebrat,
847 2930 957 2999 absente
979 2931 1119 2996 episeopo;
1140 2930 1258 2996 epypha-

134 3003 206 3051 niam
232 3017 295 3052 rero
320 3002 431 3052 Domini
455 3002 627 3067 Aquisgrani.
671 3005 713 3054 Ibi
739 3004 896 3054 temerarius
920 3003 1047 3054 tumultus
1075 3018 1165 3053 coram
1194 3019 1258 3068 rege

135 3071 281 3138 exoriturl,
301 3074 350 3125 sed
369 3075 558 3126 moderacione
579 3073 649 3146 eiusl
670 3077 830 3127 adnullatur.
1198 3131 1199 3134 ,

207 3148 324 3198 Kerolus
345 3164 436 3219 comes
455 3149 601 3199 Flandriae
622 3155 647 3200 et
661 3149 849 3200 Wilhelmusm
869 3164 959 3200 comes
973 3149 1146 3213 Burgundios
1167 3165 1183 3199 a
1203 3151 1258 3200 suis

136 3221 281 3272 crudeliter
300 3221 466 3285 occiduntur,
487 3223 602 3273 Karolus
616 3223 723 3288 quidem
736 3225 764 3273 iu
778 3223 897 3273 oratione
912 3227 1057 3288 prostratus
1073 3224 1100 3271 in
1115 3221 1258 3284 aeeclesia,

135 3295 324 3346 wilhelmusm
343 3312 406 3346 vero
426 3303 504 3366 nocte
524 3299 552 3346 in
572 3296 696 3347 eubiculo
716 3312 773 3347 suo.
806 3295 920 3357 Quidam
941 3295 1058 3345 nefarius
1078 3297 1156 3344 homo
1176 3291 1259 3345 Gisil-

136 3368 258 3429 bertusss,
280 3370 325 3434 qui
340 3370 475 3420 dominum
495 3387 570 3421 suum
592 3371 747 3438 episcopum
760 3369 981 3419 Traiectensem⁰
998 3373 1024 3417 et
1043 3367 1191 3418 aecclesias
1204 3368 1258 3417 Dei

134 3442 184 3492 sub
205 3459 237 3492 eo
257 3444 358 3508 positas
378 3443 558 3509 superioribus
578 3445 654 3494 annis
674 3444 764 3509 sepius
783 3441 936 3504 infestabat,
960 3442 1158 3506 conprehensus
1183 3442 1259 3492 iussu

135 3517 208 3581 regis
229 3515 392 3582 capitaleml’
413 3518 579 3567 sentenciam
600 3519 715 3587 accepit.

477 3585 506 3647 4.
551 3587 646 3646 Anno
669 3583 802 3647 Domini
826 3580 916 3644 1128.

209 3673 268 3722 Rex
295 3673 412 3722 natalem
438 3674 569 3724 Dominit
589 3675 740 3740 Wirziburg
767 3672 918 3733 celebrati;
948 3671 994 3722 ubi
1022 3671 1129 3722 sinistro
1154 3686 1259 3720 rumore

135 3744 298 3811 percellitur,
318 3746 425 3796 scilieet
444 3745 606 3810 cunradum,
625 3747 734 3797 fratrem
754 3745 886 3796 Friderici
907 3743 983 3794 ducis
1002 3744 1130 3808 Alsatiae,
1156 3745 1258 3808 regium

135 3834 234 3869 nomeu
253 3834 403 3884 usurpasse.
440 3820 502 3869 Hac'
523 3820 556 3870 de
577 3836 659 3871 causa
671 3819 950 3885 Magadeburgensiss
971 3822 998 3867 et
1010 3818 1183 3883 Mogontinus
1203 3818 1259 3886 epi-

136 3944 159 3997 a)
177 3946 326 3996 aecipitzti.
386 3946 557 3998 b)vallatAl.
619 3947 639 3998 c)
656 3948 777 3988 Partherb.
795 3948 849 3995 1413
866 3945 986 3995 spatham.
1003 3945 1052 3986 Aa
1121 3943 1144 3996 d)
1161 3945 1259 3985 Berhar·

136 4006 179 4044 dus
199 4005 249 4046 Aa.
296 4003 318 4056 e)
335 4004 440 4046 (iodebol
458 4007 508 4046 212.
540 4004 600 4058 OG.
619 4018 650 4047 so.
668 4007 716 4047 Al.
778 4004 801 4057 g)
818 4005 928 4045 Alsaziae
945 4004 986 4044 Al
1003 4015 1090 4054 semper.
1140 4001 1163 4054 h)
1180 4005 1259 4052 Maga-

136 4065 224 4112 deburg
241 4064 291 4104 Al.
381 4064 399 4117 t)
416 4065 667 4106 confirmataestAl.
704 4081 732 4101 =
771 4064 795 4116 k)
813 4063 1009 4104 oritur31.oa.
1099 4061 1116 4115 1)
1133 4063 1259 4104 1111ιιεο2.

137 4121 168 4173 m)
190 4123 322 4163 Willelmus
339 4124 382 4164 02.
472 4125 496 4178 n)
522 4124 556 4165 Ge
573 4125 612 4164 Bl
629 4136 696 4164 manu
711 4135 753 4165 rec.
845 4122 867 4174 ο)
892 4123 1050 4162 Traictensem
1072 4123 1112 4162 Bt
1129 4133 1196 4162 muna
1217 4133 1259 4162 ree.

137 4181 161 4232 p)
178 4183 259 4232 capitis
276 4183 314 4222 131
333 4193 399 4222 meaa
414 4194 455 4226 rec.
516 4183 539 4234 q)
556 4185 611 4223 deest
628 4184 676 4234 023
693 4184 837 4224 nativitatem
854 4182 895 4222 Bl
920 4193 987 4222 mona
1009 4193 1050 4224 rec.
1112 4179 1130 4232 r)
1149 4181 1259 4232 celebrat,

137 4240 245 4280 Gelasius
262 4241 301 4280 Bl
318 4253 385 4281 mana
401 4253 442 4283 rec.
503 4241 523 4292 s)
540 4239 632 4292 Magab'
649 4243 697 4284 Bt.
715 4243 758 4284 01.
777 4244 797 4284 2,

139 4355 165 4414 1)
183 4355 410 4408 dicaesariensis.
467 4355 495 4422 2)
522 4357 551 4408 V.
573 4375 599 4406 a.
623 4357 701 4407 1122.
760 4355 788 4422 3)
809 4354 848 4420 Of.
869 4357 938 4406 Ana.
954 4352 1120 4406 &Datbodi
1139 4371 1164 4405 a.
1180 4353 1260 4418 1129,

136 4427 187 4480 SS.
207 4429 286 4492 XVI,
297 4447 329 4494 p.
351 4430 394 4479 24.

1009 4515 1029 4575 ὃ
