3102 4978
354 412 541 466 CHRONICA
559 414 671 466 REGIA
691 415 933 473 COLONIENSIS
952 422 984 473 Δ.
1008 423 1086 476 1107.
1240 427 1275 478 47

524 587 691 641 Recensio
709 589 733 642 I.
754 593 848 646 codd.
868 593 901 648 A.
996 555 999 562 Ι

156 666 295 765 prelatos
318 670 379 736 sibi
400 672 521 757 eligant
542 697 623 761 quos
645 675 759 778 dignos
781 678 929 762 viderint,
951 658 1100 758 restiiuit.
1142 684 1276 750 Peracta

155 752 281 837 amodo,
302 776 389 856 papa
410 757 545 822 Romam
568 762 747 846 regredrtur
768 764 878 850 ibique
903 764 1076 832 honorifice
1106 770 1273 854 excipitur.

154 835 226 936 Rex
247 861 323 904 vero
344 841 457 906 itinere
480 865 543 928 quo
565 846 652 910 venit
678 847 781 929 rediit,
808 859 1015 934 pentecosten
1043 853 1131 937 apud
1152 853 1366 938 Argen-reae.

154 931 254 986 unam
277 925 442 990 civitatem
471 927 619 1000 celebrat,
663 929 885 1017 Adalgozum³
905 935 1127 1022 Magadeburg
1153 939 1274 1036 episco-

154 1027 233 1091 pum
256 1010 428 1079 constituit.
464 1011 620 1099 Idemque
635 1011 668 1078 in
683 1016 871 1102 episcopum
887 1029 998 1085 contra
1011 1042 1116 1107 papae
1134 1020 1274 1086 edrctum

155 1093 329 1159 ordinatur.
371 1094 578 1180 Apostolicus
600 1100 685 1164 enim
700 1100 788 1187 apud
804 1103 923 1167 Trecas
937 1104 1045 1169 banno
1063 1105 1273 1189 confirmavit,

154 1189 190 1244 ut
211 1201 305 1243 nemo
326 1179 546 1246 investituram
568 1205 671 1269 neque
694 1184 940 1252 ecclesiasticam
962 1188 1150 1274 dignitatem
1178 1190 1272 1256 alai·

154 1262 216 1329 cali
237 1285 335 1328 manu
357 1267 542 1352 susciperet,
565 1268 775 1356 quoadusque
799 1273 924 1356 questio
949 1272 1009 1337 h'ec
1030 1273 1113 1338 inter
1138 1297 1211 1339 eum
1242 1283 1274 1339 et

152 1369 263 1434 regem
285 1346 481 1436 synodaliter
501 1354 731 1418 terminaretur.

226 1435 299 1500 Rex
320 1437 354 1500 in
377 1433 552 1500 Saxoniam
573 1437 672 1520 vadit,
695 1438 933 1525 expeditionem
955 1441 989 1504 in
1007 1443 1174 1507 Boemiam
1187 1441 1272 1508 vduc-

151 1530 242 1586 turus
263 1521 305 1585 ad
327 1520 600 1605 comprimendam
621 1521 809 1588 seditionem
824 1522 960 1589 duorum
976 1537 1195 1612 cognatorum,
1218 1528 1273 1626 qui

151 1629 211 1692 pro
245 1605 365 1671 ducatu
391 1605 543 1672 Boemiae
573 1606 818 1677 contendebant.
874 1610 1017 1690 Quorum
1051 1609 1131 1676 alter
1162 1611 1271 1675 audrto

151 1692 237 1778 regis
252 1691 392 1756 adventu
406 1692 593 1775 perterritus
607 1690 696 1774 abiit,
718 1691 797 1757 alter
811 1714 886 1758 vero
901 1694 1091 1779 Merseburg
1107 1695 1148 1760 ad
1162 1717 1271 1781 regem

152 1777 249 1860 venit,
282 1798 339 1862 pro
373 1774 491 1842 ducatu
518 1774 672 1840 Boemiae
703 1776 788 1840 5000
820 1798 999 1843 marcarum
1029 1781 1163 1844 offerens
1191 1781 1270 1866 regi.

153 1862 256 1942 Quem
278 1883 337 1926 rex
359 1862 497 1946 acceptis
520 1860 685 1925 obsidibus
707 1859 821 1926 ducem
838 1861 990 1928 Boemiae
1009 1863 1183 1929 Goslariae
1198 1885 1272 1928 con-

151 1946 283 2010 stituit1.
379 1945 475 2011 Oirca
510 1945 635 2024 festum,
661 1945 837 2010 nativitatis
870 1958 979 2012 sancte
1011 1949 1112 2013 Marie
1146 1950 1270 2012 summo'
1282 1975 1338 2027 see.
1350 1980 1371 2020 1.

150 2042 255 2112 mane,
270 2051 346 2115 rege
361 2029 394 2092 in
409 2030 579 2094 secretario
596 2027 808 2095 Goslariensis
823 2029 915 2096 aulae
934 2030 1120 2115 dormiente,
1140 2043 1271 2119 repente

147 2117 287 2181 tonitrus
309 2115 440 2180 veniens
465 2115 620 2201 parietem
642 2116 697 2200 qui
719 2124 787 2178 erat
815 2114 856 2178 ad
882 2125 978 2201 eaput
999 2119 1080 2202 regii
1101 2116 1175 2181 lecti
1197 2138 1270 2181 con-

150 2200 260 2282 cussit,
288 2198 410 2286 aliquot
437 2200 543 2264 clavos
571 2198 612 2264 de
639 2199 724 2263 reis
754 2198 856 2285 clipeo
884 2202 1027 2265 excussit
1052 2201 1269 2288 gladiumque,

151 2306 248 2370 quem
268 2306 326 2348 rex
348 2283 389 2347 ad
410 2280 493 2348 latus
516 2305 608 2348 suum
632 2221 808 2365 collocavit,
828 2285 862 2347 in
876 2285 1023 2350 acumine
1038 2286 1204 2367 ambussit,
1225 2287 1271 2351 ita

149 2378 185 2433 ut
206 2368 325 2454 vagina
345 2367 435 2432 illesa
453 2377 663 2453 permaneret.
699 2368 770 2433 Rex
788 2389 865 2433 vero
887 2369 1130 2455 expergefactus
1145 2369 1270 2435 exilivit

149 2463 181 2517 et
202 2452 245 2541 ad
267 2451 384 2517 milites
406 2452 617 2519 cubicularios
638 2453 792 2552 pervenit.

221 2536 383 2602 Rubertus
399 2558 504 2602 comes
520 2536 691 2602 Flandrrae
708 2536 920 2602 Cameracum
935 2547 1118 2624 occupatet
1133 2538 1268 2622 obtinet3

147 2622 189 2686 ad
205 2622 295 2686 cuius
308 2623 520 2687 temeritatem
535 2621 771 2708 reprimendam
785 2645 844 2686 rex
859 2619 992 2687 collecto
1007 2623 1151 2688 exercitu
1166 2645 1268 2709 usque

146 2705 309 2790 Duacum,
338 2707 451 2772 urbem
481 2707 557 2771 satis
587 2707 752 2789 munitam,
781 2708 871 2771 venit
898 2707 1069 2794 ipsumque
1097 2707 1131 2770 in
1152 2707 1268 2772 Duaco

148 2787 284 2874 obsidet,
299 2791 463 2876 regionem
479 2789 678 2856 adiacentem
715 2791 802 2873 reda,
824 2790 961 2858 flammis
976 2800 1090 2860 vastat.
1122 2791 1267 2858 Tandem

147 2875 309 2942 Rubertus
330 2876 453 2941 viribus
474 2874 624 2940 diffidens
645 2815 841 2940 deditionem
861 2875 948 2957 facit,
972 2874 1183 2941 Cameracum
1198 2876 1268 2942 red-

147 2959 211 3043 dit,
242 2960 393 3046 factoque
425 2961 603 3025 iuramento
632 2958 728 3025 homo
760 2960 846 3059 regis
876 2959 1031 3042 efficitur,
1059 2960 1266 3026 advocaciam

148 3043 316 3109 Gameraei
337 3066 357 3107 a
377 3067 453 3130 rege
476 3046 510 3108 in
530 3044 722 3109 beneficium
743 3045 870 3130 acerpit.

487 3208 654 3260 Receasio
673 3202 715 3259 ΙῙ.
736 3207 831 3260 codd.
850 3208 884 3259 B.
905 3207 931 3260 0.

146 3307 240 3353 sancte
259 3301 362 3368 synodo
381 3302 548 3353 subtraxerit.
581 3302 636 3352 Ibi
655 3300 818 3368 apostolicus
836 3301 927 3352 banno
947 3299 1122 3364 confirmavit,
1141 3307 1170 3352 ut
1188 3315 1265 3353 nemo

145 3375 329 3428 investituram
349 3391 437 3443 neque
456 3375 668 3428 ecclesiasticam
686 3375 842 3440 dignitatem
857 3373 978 3424 alaicali
992 3391 1073 3426 manu
1086 3368 1266 3440 susciperetl,

146 3462 285 3516 quousque
305 3452 409 3517 questio
428 3451 497 3501 hec⁰
516 3452 586 3500 inter
605 3463 665 3499 eum
686 3455 713 3500 et
731 3464 821 3514 regem
842 3446 998 3499 sinodaliter
1016 3452 1209 3501 terminaretur.

113 3575 116 3580 ,
220 3524 300 3576 Circa
319 3524 416 3576 festum
439 3524 588 3576 nativitatis
613 3528 705 3575 sancte
724 3523 827 3574 Mariae
849 3537 951 3573 summo
970 3541 1049 3575 mane
1067 3540 1131 3589 rege
1150 3526 1178 3574 in
1197 3522 1264 3574 Ges-

144 3595 254 3653 lariensi
277 3597 340 3649 aula
364 3598 520 3657 dormiente,
539 3601 650 3665 repente
669 3599 782 3648 tonitrus
801 3596 911 3646 veniens
937 3599 1066 3664 parietem
1087 3599 1133 3664 qui
1153 3601 1210 3648 erat
1228 3595 1264 3646 ad

147 3671 235 3738 capud
260 3673 324 3724 lecti
350 3673 424 3723 eius
451 3672 598 3734 concussit,
623 3670 724 3721 inde²
747 3672 779 3722 vi
803 3669 962 3722 fulminis
985 3670 1088 3739 aliquot
1113 3670 1203 3724 clavos
1230 3669 1263 3720 de

146 3745 252 3812 clippeo
274 3747 345 3811 regis
372 3747 490 3798 excussit
515 3740 720 3812 gladiumqued‚
747 3759 826 3810 quem
850 3757 897 3794 rex
916 3744 949 3794 ad
970 3743 1041 3798 latus
1061 3744 1212 3807 collocavit,
1235 3744 1264 3794 in

145 3821 267 3890 acumine
287 3820 429 3883 ambussit3
451 3821 528 3886 ipse
547 3833 594 3869 rex
613 3820 762 3870 territus
781 3819 877 3869 foras
896 3817 1007 3869 exilivit.

218 3902 277 3952 Rex
302 3901 416 3953 collecto
441 3903 560 3952 exercitu
586 3905 679 3950 contra
703 3900 871 3952 Rubertum⁶
897 3902 1022 3953 comitem
1042 3883 1183 3964 Flandrie,⁴
1198 3884 1261 3947 lam

142 3965 185 4032 de
206 3967 401 4032 Ierosolimis
422 3989 596 4050 reversum,
618 3979 711 4030 andis

144 4147 167 4200 a)
183 4147 326 4200 Adalgorum
342 4150 392 4192 Al.
421 4165 450 4185 =
480 4149 504 4202 b)
521 4163 538 4192 s.
554 4149 653 4190 m.Bl.
669 4151 714 4192 02.
789 4149 1005 4204 c)poatadd.B1.
1080 4148 1103 4202 d)
1120 4155 1143 4192 et
1158 4151 1261 4200 gladium

140 4209 319 4259 perreddot.
381 4207 403 4260 e)
419 4209 476 4252 Rob.
494 4211 537 4251 01.

147 4340 174 4408 1)
195 4340 235 4408 Os.
257 4341 362 4395 (leemas
382 4342 440 4404 ΙΙΙ,
460 4361 481 4395 c.
504 4346 536 4395 19
556 4361 619 4410 sqq,
640 4341 686 4408 qui
704 4359 746 4394 rea
766 4343 844 4396 aliter
862 4351 966 4394 aanor.
1033 4341 1062 4410 2)
1081 4341 1144 4393 inde
1163 4343 1190 4393 vi
1208 4341 1259 4393 ful-

143 4417 222 4468 minis
236 4425 331 4482 postea
348 4415 509 4483 interpolato
528 4434 582 4470 ease
602 4415 767 4479 crediderim.
