3126 4976
297 393 331 444 78
445 391 632 444 CHRONIOA
651 390 763 441 REGIA
783 389 1027 442 COLONIENSIS
1046 391 1078 442 A.
1101 390 1182 443 1141.
1204 391 1284 442 1142.

669 563 838 615 Beccneio
858 561 882 615 Ι.
903 563 998 616 codd.
1018 561 1051 617 A.

295 667 553 753 Ravenesberg³,
576 665 618 731 ab
644 667 691 731 eis
718 668 824 753 primo
854 689 1030 815 congressu
1056 668 1197 732 vincitur
1223 679 1256 735 et
1280 668 1411 755 fugatur

296 763 344 819 set
369 754 475 819 denuo
505 751 717 836 congressuri,
743 760 817 818 ante
843 773 882 816 co
931 753 1029 816 'ctum
1059 753 1239 838 capiuntur.
1283 753 1338 816 Ex
1366 754 1423 818 ad-

295 860 388 903 verso
419 839 504 904 enim
535 835 660 900 insidiis
689 835 860 921 deputatis,
890 858 964 899 cum
993 837 1165 922 peringens
1194 836 1287 922 palus
1320 847 1421 903 trans-

296 922 438 988 eundum
460 922 505 986 eis
528 929 621 1001 esset,
642 941 681 984 ao
703 920 853 984 inarmati
874 919 1068 1002 incederent,
1095 920 1202 986 subito
1230 923 1263 985 in
1293 944 1347 987 eos
1373 924 1421 986 in·

296 1007 382 1089 siliit,
404 1007 516 1104 sicque
537 1005 621 1069 inter
641 1004 748 1070 hostes
770 1026 809 1068 ao
831 1002 983 1103 paludem
1005 1003 1146 1070 inclusos
1172 1027 1317 1093 quosque
1339 1007 1423 1072 mili·

295 1103 380 1158 tares
402 1111 438 1154 ce
463 1099 497 1171 rt,
520 1088 577 1156 reli
601 1110 659 1152 uos
686 1087 872 1154 debilitant.

368 1112 560 1239 Adelbertus
608 1175 777 1257 ognntinus
789 1174 960 1272 episcopus
972 1174 1077 1239 subito
1090 1173 1183 1255 obiit3
1200 1175 1252 1238 cui
1263 1174 1421 1239 Marchol-

295 1259 347 1324 fus
369 1259 530 1324 successit.
569 1256 731 1322 Siwardus
750 1257 930 1322 Mindensrs
952 1258 1123 1343 episcopus
1139 1258 1231 1341 obiit;
1253 1260 1307 1323 cui
1320 1258 1422 1324 Hein-

296 1345 393 1426 ricus,
416 1342 559 1407 eiusdem
581 1341 719 1406 civitatis
740 1339 888 1406 lnsulae¹
911 1340 1022 1425 abbas,
1045 1343 1208 1407 successit.

675 1424 771 1490 Anno
790 1425 925 1490 Domini
949 1427 1041 1491 1142.

205 1533 286 1574 nar.
369 1511 442 1574 Rex
464 1519 670 1597 pentecosten
692 1509 936 1574 Frankenvort²
959 1508 1108 1592 celebrat,
1130 1510 1311 1576 coadunata
1332 1510 1420 1595 prin-

297 1596 404 1680 cipum
426 1605 492 1659 tam
511 1593 681 1659 Baioariae
703 1615 801 1681 quam
823 1593 984 1659 Saxoniae
1006 1594 1172 1680 dignitate.
1208 1593 1260 1659 lbi
1283 1616 1420 1679 quorun-

297 1679 371 1744 dam
392 1677 615 1742 familiariuml’
639 1700 769 1742 suorum
792 1679 974 1765 principum
995 1678 1093 1744 fretus
1115 1677 1246 1761 auxilio,
1268 1678 1420 1743 domnam

297 1762 501 1844 Gertrudam,
526 1762 774 1829 famosissimam
797 1763 959 1827 Saxoniae
989 1771 1177 1844 matronam,
1206 1761 1306 1826 filiam
1332 1763 1420 1828 vide-

295 1847 371 1912 licet
384 1847 552 1932 Liutgeric
569 1846 770 1932 imperatoris
793 1856 825 1912 et
845 1845 983 1932 predicti
1005 1846 1095 1911 ducis
1110 1846 1256 1912 Heinrici
1279 1846 1420 1930 viduam,

295 1933 352 1995 uni
372 1954 389 1996 e
410 1928 561 1994 fratribus
583 1932 713 1995 nomine
734 1931 888 1995 Heinrieo
911 1931 1114 1996 matrimonio
1142 1930 1315 2017 copulavit,
1345 1953 1420 2017 pru-

296 2013 384 2080 denti
406 2024 438 2080 et
459 2016 535 2078 satis
557 2015 737 2080 necessario
759 2017 847 2079 omni
860 2038 960 2100 regno
975 2037 1052 2079 usus
1068 2015 1211 2097 consilio,
1234 2036 1296 2102 quo
1318 2016 1419 2079 anim-

296 2099 433 2165 advertit
447 2119 542 2184 posse
557 2121 622 2162 una
635 2100 776 2164 femina<¹
791 2099 962 2185 pacificare
979 2101 1086 2164 omnia
1095 2109 1117 2162 ³.
1145 2098 1242 2181 Quod
1257 2110 1289 2165 et
1298 2099 1420 2164 factum

296 2192 352 2249 est.
396 2183 479 2248 Nam
500 2185 664 2269 principes
686 2184 742 2282 qui
764 2183 917 2249 hactenus
939 2183 1132 2249 resistebant
1152 2185 1222 2270 regi
1242 2184 1289 2249 ibi
1310 2204 1420 2249 recon-

296 2266 454 2349 ciliantur,
477 2289 604 2333 ornnem
625 2268 811 2332 fidehtatem
833 2271 862 2333 ei
888 2269 1126 2354 promittentem
1156 2268 1273 2354 quibus
1296 2267 1419 2353 etipse

295 2352 531 2434 reconciliatus,
547 2351 633 2439 quod
648 2354 801 2438 cuiusque
817 2352 981 2436 dignitatis
996 2362 1064 2417 erat
1078 2353 1226 2435 restituit,
1248 2374 1288 2417 ao
1304 2351 1420 2417 deinde
1545 2401 1555 2435 ⁴

295 2437 383 2502 isos
405 2436 566 2521 principes
588 2437 671 2500 inter
697 2458 730 2500 se
758 2436 957 2517 dissidentes
988 2446 1024 2501 ut
1050 2436 1158 2502 decuit
1184 2459 1303 2522 regem,
1333 2438 1420 2523 paci·

320 2541 392 2586 care
414 2521 550 2585 curavit.
593 2520 704 2585 Novae
726 2541 804 2584 vero
827 2529 983 2606 cognatae
1005 2543 1082 2586 suae
1103 2531 1262 2586 trecentas
1285 2542 1420 2604 marcas,

296 2627 377 2693 quas
398 2606 470 2690 ipsa
487 2604 595 2752 pridie
616 2625 676 2690 pro
703 2603 877 2670 obtinenda
921 2604 1003 2668 ratia
1023 2626 1082 2668 sua
1110 2604 1337 2691 persolvendas
1364 2605 1418 2670 de-

297 2692 396 2771 vovit,
417 2690 486 2752 rein
510 2685 594 2770 ulsit,
616 2710 655 2752 ac
678 2689 724 2752 sic
745 2712 804 2774 per
827 2689 867 2753 14
910 2689 956 2753 ies
977 2688 1077 2773 regali
1103 2699 1261 2775 apparatu
1288 2689 1419 2776 nuptias

296 2793 356 2859 per
378 2795 412 2838 se
433 2772 688 2837 amministravit.

637 2953 802 3006 discensio
822 2953 863 3005 II.
882 2953 974 3007 codd.
994 2955 1029 3006 B.
1050 2953 1076 3006 0.

296 3065 396 3116 infecto
416 3067 493 3116 huius
513 3067 551 3116 rei
570 3066 685 3130 negocio
713 3065 861 3117 discessum
885 3071 934 3117 est.
977 3067 1106 3116 Dumna
1130 3065 1285 3131 imperatrix
1304 3065 1418 3117 Richiza

297 3139 340 3205 pie
361 3141 504 3190 memoriae
524 3139 599 3189 obiit.

636 3205 666 3270 5.
710 3206 805 3270 Anno
826 3206 960 3270 Domini
984 3205 1075 3270 1142.

369 3296 428 3347 Rex
445 3302 620 3364 pentecosten
639 3295 836 3348 Franksneiurt
855 3296 984 3357 celebrat,
1011 3294 1162 3346 coadunata
1185 3297 1336 3366 principum
1361 3303 1417 3349 tam

263 3383 266 3388 ·
297 3369 436 3422 Bavariae
451 3386 529 3436 quam
544 3370 678 3422 saxoniae
693 3369 833 3440 dignitate.
862 3370 904 3420 Ibi
918 3368 1092 3435 quorumdam
1105 3369 1276 3420 familiarium
1289 3378 1419 3422 suorum⁰

296 3445 448 3510 principum
472 3444 555 3495 fretus
580 3442 695 3506 anxilio,
722 3444 846 3494 domnam
873 3435 1076 3504 Gerthrudems,
1102 3442 1307 3494 famosissimam
1332 3444 1416 3496 Saxo·

295 3518 357 3567 niae
377 3523 534 3582 matronam,
553 3517 637 3567 tiliam
659 3516 788 3567 videlieet
806 3517 928 3567 Letharii
953 3516 1122 3582 imperatoris
1147 3522 1174 3568 et
1198 3516 1315 3582 predicti
1333 3518 1417 3568 Hein-

295 3591 346 3642 rici
359 3591 436 3642 ducis
447 3591 566 3652 viduam,
579 3589 875 3642 uniefratribussuis
890 3590 1089 3650 coniunxit,
1109 3591 1239 3653 sciens,
1258 3591 1323 3640 hae
1343 3607 1417 3643 con·

295 3665 477 3716 iunctione
497 3663 622 3714 multos
643 3663 877 3715 confederari.
915 3662 993 3726 Quod
1014 3671 1039 3714 et
1057 3663 1157 3714 factum
1178 3669 1228 3714 est.
1262 3663 1416 3732 Namprin·

297 3737 371 3803 cipes
389 3737 520 3788 haetenus
540 3735 787 3788 discordantes
813 3737 877 3787 hac
902 3737 1090 3788 occasione
1117 3738 1175 3802 regi
1200 3738 1418 3792 reconciliantur.

297 3809 529 3862 Celebrantur
548 3825 630 3876 ergo
650 3811 759 3875 nuptiae
779 3810 865 3876 regali
881 3815 1011 3877 apparatu
1030 3826 1079 3876 per
1099 3810 1133 3860 14
1152 3809 1220 3873 dies,
1240 3827 1323 3876 quas
1342 3813 1418 3878 ipse
1453 3872 1455 3878 ι

296 3899 355 3934 rex
373 3899 422 3950 per
440 3899 469 3934 se
490 3882 701 3934 amministravit.
1548 3875 1550 3882 ⁴

295 4081 565 4135 anaveneseurgsr.
625 4082 650 4135 b]
665 4083 794 4124 semirutum
812 4081 860 4123 Ar.
926 4081 1168 4132 e)LotharliA1.
1245 4083 1417 4134 stuariam?

295 4158 324 4179 =
348 4142 370 4194 e)
386 4153 421 4192 pr.
438 4153 456 4182 s.
475 4142 518 4183 02.
579 4139 597 4193 1)
615 4141 753 4184 Gertrudem
770 4142 818 4191 013
835 4138 959 4184 Gerthrud.
976 4143 1028 4184 Β1.

297 4330 324 4397 1)
345 4329 503 4384 Monosterii
522 4327 550 4381 S.
570 4329 698 4381 Mauricii
715 4331 744 4381 in
763 4329 853 4382 insula
867 4347 953 4397 prope
973 4329 1104 4382 Mincium.
1194 4329 1223 4398 2)
1243 4327 1326 4382 Immo
1345 4328 1412 4380 Pra-

292 4421 359 4472 paes
378 4422 403 4456 v.
423 4403 563 4457 Lehmann
577 4421 607 4470 p.
630 4405 673 4455 33.
760 4406 788 4467 3)
809 4404 850 4455 De
869 4404 916 4455 too
935 4405 989 4455 loeo
1009 4405 1044 4469 cf.
1063 4403 1207 4456 Bernheim
1226 4404 1243 4455 l.
1264 4405 1282 4455 l.
1299 4420 1330 4469 p.
1351 4405 1412 4455 251.
