2988 5058
212 356 218 364 ⁵
292 371 346 422 866
505 369 659 422 MARTINI
680 367 926 421 CONTINUATIO
947 366 1200 421 COLONIENSIS.

293 549 343 605 et⁸
359 561 460 604 aureo
476 539 581 605 colore
605 537 687 603 cet'b
710 547 760 600 eti
773 536 1033 622 perlustrocione
1056 535 1241 601 clarissime
1262 537 1372 601 diei.
1417 537 1464 604 ii

293 624 389 689 ducis
411 623 585 708 simplices,
607 622 748 688 sednon
772 621 944 702 antecedis,
960 629 1062 705 pater
1082 623 1224 704 nomine,
1248 621 1326 686 sed
1337 631 1358 663 ²
1390 644 1462 686 non

288 716 410 792 pater·
431 730 467 771 re
481 708 702 792 nuncuparis.
735 705 895 790 Sufficiat
916 703 985 786 tibi,
1005 713 1123 769 tecum
1135 705 1223 789 filiis
1238 708 1322 770 tuis
1354 703 1474 772 moal}

294 793 495 878 inquietori⁰
530 791 577 856 ctf
611 794 664 856 sin
689 788 756 855 ulis
790 790 891 854 annis
920 811 1006 853 more
1036 789 1241 854 llsurcorum
1273 789 1460 876 flaqellis

296 877 501 942 circumdari
532 878 649 940 minan
674 898 702 940 o.
761 874 983 938 Verumtamen
1019 875 1050 937 si
1081 875 1143 938 ins
1176 884 1275 937 terra
1316 885 1457 939 nostru

292 983 424 1025 manere
433 961 618 1025 desideras:
632 958 905 1024 eccelberusalem
915 957 1455 1043 piorioussinamr,Accizar0ni

292 1046 342 1110 etk
362 1045 530 1130 Tripolim,
559 1044 671 1108 urbcs¹
687 1044 972 1128 prestantissimus
981 1053 1014 1122 ¹¹¹,
1031 1041 1118 1123 filiis
1137 1045 1203 1106 tuis
1225 1045 1453 1126 aperimus·

292 1139 321 1194 et
333 1130 538 1194 concedimus
549 1149 720 1212 reparare,
732 1129 782 1191 ita
793 1136 828 1190 ut
843 1128 931 1190 sint⁰
945 1125 1038 1190 nobis
1044 1128 1221 1212 perpetui!²
1238 1127 1450 1192 censuales.

296 1215 501 1280 Cavernam‘l
516 1211 609 1293 Filii,
632 1210 747 1278 uallem
768 1213 884 1276 matris
900 1219 945 1274 etr
966 1211 1117 1296 templum
1137 1212 1300 1276 diuinum
1319 1222 1448 1276 nostro

291 1298 469 1362 conductu⁸
484 1298 647 1361 uniuersis
666 1298 941 1360 communicamus
950 1304 1091 1380 propter
1100 1317 1275 1360 numerum
1289 1319 1447 1361 suorum

292 1383 526 1447 denariorum*
549 1390 577 1444 et
607 1379 812 1445 oblacionum
843 1382 1067 1466 quantitatem.
1115 1378 1259 1466 Surpeu,
1304 1381 1444 1446 invoca

295 1467 390 1531 deum
411 1474 513 1545 tuum,
545 1473 581 1528 ut
609 1473 736 1528 tanturn
765 1463 963 1530 stulticiam'
991 1473 1051 1527 tem
1077 1473 1141 1528 eret
1169 1475 1198 1528 et
1228 1468 1352 1548 capiti
1383 1475 1441 1529 tuo

288 1550 448 1636 priorisw
461 1546 639 1613 intellectus
656 1549 808 1613 restituat
823 1551 1005 1613 sanitatem.
1039 1487 1080 1614 sii
1095 1557 1201 1612 autem
1214 1551 1342 1614 uenire
1350 1571 1440 1636 pro-

289 1636 402 1719 ponis,
435 1656 502 1698 non
524 1634 695 1716 incipios¹
723 1643 912 1697 annorum!
939 1640 1106 1697 tantorum
1135 1635 1321 1717 spacium²
1350 1657 1437 1718 pro-

293 1719 454 1800 traberc⁸,
469 1717 537 1795 [etb
549 1719 635 1782 scias
647 1739 707 1781 nos
718 1717 778 1781 tibi
790 1739 984 1782 occursuros
998 1719 1176 1782 riacionum
1186 1716 1436 1801 plurimarum

291 1803 437 1888 plurimo
460 1803 625 1883 comitatu,
647 1802 695 1865 ito
718 1810 754 1864 ut
768 1804 873 1866 omnis
887 1810 976 1864 terro
991 1803 1156 1887 sanquine
1171 1803 1433 1884 interfectorum

293 1886 497 1970 impleatur}
521 1885 599 1951 Cum
615 1888 700 1949 enim
714 1908 798 1949 uuro
814 1895 843 1948 et
858 1894 1022 1972 arpentos
1047 1885 1256 1971 eciebusque⁰
1272 1889 1433 1952 cunctisr

293 1970 530 2050 habendensis,
553 1969 603 2033 nil
621 1969 717 2034 aliud
731 1972 879 2034 sicientes
888 1979 1001 2053 preter
1045 1972 1242 2056 sanquinem
1260 1971 1429 2035 cbo-istiu-

294 2077 420 2134 norum,
443 2063 625 2138 [quorume
640 2054 860 2118 cadaveribus
875 2063 1006 2136 montes,
1021 2052 1121 2117 ualles
1143 2076 1351 2138 composque
1366 2056 1427 2120 im-

291 2139 463 2223 plebimus,
493 2139 542 2201 itu
564 2147 600 2202 ut
622 2149 741 2202 cuncto
764 2140 926 2202 scaturire
948 2140 1109 2202 vermibus
1131 2139 1377 2220 uidebuntur],·
1400 2149 1427 2204 et

294 2226 372 2309 quio
401 2222 472 2305 filii
506 2224 556 2286 tui
588 2221 674 2286 non‘
706 2224 856 2286 murtircs
889 2223 946 2286 sed
980 2222 1182 2307 confessores
1214 2225 1424 2303 moriuntur,

294 2305 454 2386 accelero,
477 2315 514 2369 ut
529 2327 594 2391 per
615 2329 675 2370 nos
696 2307 870 2370 martirum
892 2329 1047 2370 numerus
1069 2306 1291 2391 compleatur&
1315 2317 1349 2370 et
1368 2308 1423 2372 ut¹¹

294 2393 426 2456 iuuenes
448 2399 679 2471 renascantur,
702 2393 760 2475 qui
775 2391 968 2473 paraetoni
986 2413 1120 2455 suorum
1134 2412 1283 2455 cruorem
1304 2394 1421 2457 uindi-

294 2485 404 2539 cantes
441 2475 487 2539 ad
522 2497 582 2539 nos
641 2475 814 2559 roperentk
853 2474 992 2558 penam-¹
1030 2475 1165 2539 similem
1200 2479 1421 2558 reportaturi.

297 2558 484 2641 Crucnflnus
512 2567 589 2622 tuus
611 2498 767 2622 baiulans
795 2559 960 2644 liquorum,
983 2559 1068 2622 sicut
1095 2559 1195 2640 dicis,
1230 2559 1277 2623 uel
1309 2557 1419 2625 locum

293 2643 453 2728 supplicii
467 2652 588 2706 terram
610 2643 794 2707 natiuitatis
804 2645 968 2727 proprien
990 2645 1121 2708 minime
1143 2642 1275 2708 salvare
1316 2647 1418 2708 otuit:

294 2737 352 2790 tu⁰
374 2750 441 2790 non
471 2727 661 2790 huiusmodi
681 2728 824 2808 racione,
852 2727 910 2791 scd
937 2737 974 2790 ut
997 2729 1238 2810 potentissimi?
1265 2737 1278 2790 t
1301 2731 1418 2792 esauri

294 2811 399 2875 nostri
427 2811 607 2874 dominium
661 2811 839 2892 ossideasi,
861 2809 954 2894 filios
982 2820 1055 2875 tuos
1073 2812 1223 2896 precipis
1245 2811 1416 2876 debellare.

293 2894 497 2958 Dormiendo
530 2832 691 2979 siquidbm
723 2905 751 2958 te
784 2904 1018 2978 suspectamus,
1053 2917 1111 2960 nec
1144 2907 1222 2959 nosr
1254 2897 1301 2960 ad
1321 2905 1414 2960 tuum

295 2979 470 3042 aduentum
503 2976 626 3062 aliquis
663 2979 785 3043 audeat
820 2981 972 3043 crocitare.
1026 2979 1097 3044 Nos
1131 2980 1261 3064 quidem
1289 2990 1410 3060 castra,

294 3061 436 3142 castello,
460 3063 605 3126 ciuitates
620 3065 860 3129 munitissimas
882 3063 1125 3128 inhabitamus:
1147 3073 1176 3128 et
1196 3073 1231 3126 tu
1247 3065 1316 3127 sine
1332 3074 1411 3129 tecto
1472 3095 1474 3140 ι

293 3147 393 3210 unius
421 3147 488 3212 diei
514 3149 628 3231 spacio
651 3146 777 3211 tolleres
800 3155 914 3211 nostra
945 3149 1069 3232 queris,
1099 3151 1157 3233 qui
1182 3171 1240 3216 nec
1264 3150 1410 3234 proprio
1472 3145 1474 3230 l

290 3231 415 3315 poteris
436 3230 596 3296 retinere?²
640 3231 724 3316 Lepe
749 3230 912 3311 subtilius,
942 3232 1080 3316 disputa
1107 3232 1288 3313 discretius,
1312 3241 1408 3316 puta,

293 3316 396 3401 quodt
429 3337 593 3379 annorum
622 3313 791 3380 curriculo
821 3315 967 3380 nondum
997 3326 1170 3396 uenerunt,
1206 3319 1243 3382 in
1272 3317 1406 3401 quibus¹¹

292 3421 430 3486 repnum
462 3398 639 3463 Iudeorum
674 3400 804 3463 redirev
840 3399 952 3464 debeat
987 3409 1016 3462 el
1052 3399 1224 3464 multitudo
1260 3403 1406 3485 poncium

292 3485 467 3568 dissipari.
518 3482 669 3568 Pupillus
705 3485 892 3568 siquidemw
932 3482 1055 3566 plenus
1092 3496 1198 3568 oque¹
1239 3507 1403 3570 nunquam

293 3682 315 3735 a)
330 3684 386 3723 acesi
402 3692 422 3721 e.
504 3679 528 3734 b)
543 3683 596 3723 cedi
612 3685 633 3724 i.
716 3680 737 3734 c)
758 3685 813 3723 deest
828 3684 850 3725 8.
932 3681 955 3735 d)
972 3693 1014 3724 nos
1031 3683 1052 3724 2.
1135 3678 1157 3733 e)
1172 3682 1331 3730 inquiereres.
1349 3688 1368 3721 u
1383 3683 1401 3722 2.

291 3741 368 3793 osed
383 3751 447 3781 more
462 3743 577 3782 trecorum
593 3743 765 3783 circumducere
781 3743 892 3783 minando
907 3754 925 3784 c.
1006 3741 1030 3793 g)
1047 3743 1068 3783 si
1082 3746 1168 3782 terrum
1189 3744 1291 3781 nostrum
1313 3742 1402 3781 multum

293 3802 341 3842 des.
358 3801 378 3840 i.
409 3797 433 3851 h)
451 3801 620 3848 gloriosissima
636 3802 656 3842 i.
691 3798 709 3853 i)
725 3801 847 3843 Aksronc.
884 3799 909 3853 k)
925 3799 952 3842 Δ.
964 3801 1067 3852 Tripolis
1076 3802 1097 3842 2.
1133 3800 1151 3851 l)
1165 3800 1248 3842 ceute.
1279 3797 1309 3851 m)
1325 3803 1402 3850 poten·

291 3859 380 3900 tissime
396 3859 417 3900 Ξ.
455 3858 479 3910 ιι)
496 3861 627 3910 aperiemus
642 3872 659 3902 c.
698 3858 720 3912 ο)
737 3861 804 3901 nobis
821 3862 867 3902 sint
881 3873 899 3904 c.
934 3861 959 3912 p)
975 3866 1088 3912 perpetus
1104 3861 1124 3901 8.
1162 3857 1186 3910 q)
1202 3859 1239 3900 Ad
1255 3868 1370 3900 cuvernam
1384 3871 1400 3901 c.

292 3917 313 3970 r)
329 3919 385 3958 deest
399 3929 417 3959 c.
463 3916 483 3970 s)
500 3920 604 3959 divinum
621 3920 758 3960 conductum
774 3931 792 3961 o.
842 3919 860 3972 t)
878 3921 976 3961 doneris
990 3932 1009 3961 c.
1058 3917 1083 3972 u)
1100 3923 1123 3960 et
1138 3919 1189 3960 adsi.
1206 3930 1223 3960 c.
1268 3916 1291 3969 v)
1305 3922 1330 3959 ut
1342 3919 1399 3959 stult.

292 3981 355 4019 tuum
371 3987 388 4016 e·
433 3974 464 4028 w)
480 3979 533 4028 puri
548 3989 565 4020 c.
611 3976 637 4031 x)
653 3981 755 4029 accipies
771 3990 789 4022 o.
834 3977 859 4030 y)
875 3983 933 4020 tent.
949 3991 1003 4021 sun.
1020 3991 1038 4023 e.
1085 3977 1107 4030 u)
1124 3978 1201 4028 specis
1216 3988 1234 4018 e.
1279 3975 1301 4029 s)
1316 3979 1339 4018 iu
1352 3987 1399 4027 pro·
1473 4005 1474 4012 ι

292 4036 406 4078 truhendo
421 4047 439 4076 σ.
485 4035 509 4088 h)
526 4039 549 4077 st
564 4038 738 4088 scius-impl.
752 4039 821 4079 desc.
868 4037 889 4090 o)
906 4040 1027 4089 speciebus
1045 4040 1065 4079 2.
1111 4037 1134 4088 d)
1151 4037 1197 4077 nisi
1213 4048 1230 4078 e.
1275 4034 1297 4088 e)
1312 4047 1399 4086 quorum
1473 4033 1474 4040 ’

293 4095 547 4136 -viuebunturaesu
597 4094 667 4148 sJtui
683 4098 786 4139 maxims
802 4097 949 4138 confessione
965 4100 987 4141 i.
1032 4095 1055 4148 s)
1072 4098 1196 4147 impleatur
1213 4097 1232 4136 2·
1278 4094 1300 4147 h)
1315 4097 1364 4135 deus
1379 4097 1398 4140 2.

292 4154 309 4207 i)
327 4156 368 4205 qui
387 4157 479 4204 petrum
501 4165 532 4196 cr.
547 4166 564 4195 e.
653 4154 678 4208 k)
693 4160 820 4207 propes-snt
837 4157 857 4198 2.
947 4155 965 4208 1)
981 4167 1054 4206 penas
1077 4156 1211 4197 consimiles
1234 4159 1397 4205 superuenisse.
1473 4173 1474 4176 =

292 4212 324 4266 ιιι)
342 4213 463 4254 orucemi.
509 4212 534 4266 ιι)
550 4215 635 4254 deute.
681 4214 704 4266 o)
721 4219 807 4258 ettuc.
852 4216 877 4267 p)
892 4216 1078 4266 potentissimum
1090 4214 1192 4256 thesauri
1201 4215 1275 4254 nostri
1283 4214 1371 4254 dominii
1379 4214 1398 4256 2.

292 4271 316 4325 q)
332 4273 465 4323 possideres
482 4273 502 4316 2.
548 4271 568 4325 r)
585 4283 628 4314 nso
643 4274 673 4313 sd
688 4280 704 4316 t.
722 4286 742 4316 e.
760 4286 781 4316 s.
799 4285 841 4315 nos
857 4276 942 4316 sudent
957 4287 974 4316 e.
1021 4274 1040 4327 s)
1057 4277 1136 4315 nostru
1151 4272 1234 4313 tollere
1250 4284 1267 4312 e.
1310 4271 1326 4324 t)
1340 4277 1399 4324 puto·

292 4333 376 4382 quei,
392 4335 447 4381 quot
461 4343 478 4374 c.
538 4332 562 4384 u)
577 4333 670 4383 quode.
730 4332 754 4385 v)
770 4335 857 4374 salvari
873 4335 894 4375 2.
954 4332 985 4386 w)
1002 4335 1075 4384 siquis
1092 4334 1112 4373 2.
1173 4330 1197 4384 x)
1214 4333 1270 4371 deest
1284 4343 1300 4372 e.
