3122 4978
160 469 162 476 Α
206 393 393 447 CHRONIOA
412 393 527 446 REGIA
546 392 798 446 COLONIENSIS.
820 393 919 445 OON'I'.
943 393 1067 446 elisi.
1081 393 1160 446 1198.
1219 397 1269 445 161

556 566 725 618 Recensio
745 566 769 618 I.
790 575 813 618 et
829 566 871 617 ΙΙ.

146 639 293 723 positum
317 636 479 723 siquidem
501 656 612 699 eorum
623 634 708 720 fuit,
737 657 845 699 omnes
866 636 951 699 vires
974 657 1054 699 suas
1076 645 1190 700 contra
1212 658 1271 700 nos

151 720 315 806 qiundere
337 728 531 803 omnesque³
552 721 639 783 vires
667 728 798 783 nostras
814 728 1013 802 attemptare.
1056 719 1125 785 Sed
1139 730 1270 806 protec-

154 817 205 870 tor
219 807 257 869 in
280 829 314 869 se
329 805 534 889 sperantium
548 803 652 884 Deus,
675 803 732 888 qui
754 803 870 868 liberat
886 825 1069 888 pauperem
1091 827 1113 867 a
1129 814 1271 889 potente,

150 912 217 954 non
250 891 320 954 sine
347 888 450 952 multa
478 889 657 972 impiorum
687 887 977 971 dampniflcotione
999 911 1168 974 pauperes
1195 911 1271 953 suos

151 975 274 1057 eripuit
295 974 334 1037 de
363 969 517 1036 acutius
545 974 733 1055 impiorum.
776 972 955 1036 Dominum
982 975 1102 1058 quippe
1124 973 1272 1061 Sydonis

150 1067 179 1123 et
201 1057 287 1122 alios
302 1079 400 1143 quone
415 1055 531 1139 plures
546 1054 753 1120 Sarracenos
766 1056 887 1121 ibidem
900 1066 1043 1121 mortuos
1057 1057 1271 1144 reliquerunt,

150 1152 179 1205 et
194 1141 401 1227 postmodum
423 1161 587 1226 nusquam
609 1140 703 1204 nobis
724 1163 890 1219 occurrere
911 1144 987 1204 ausi
999 1139 1153 1225 fuerunt.
1197 1140 1269 1206 Sic-

172 1249 211 1288 ue
233 1226 341 1290 eodem
370 1224 422 1289 die
450 1246 548 1308 super
565 1225 692 1309 flumen
715 1223 855 1308 Sydonis
884 1247 957 1288 cum
982 1227 1109 1310 qaudio
1131 1228 1271 1291 tentoria

144 1250 296 1392 inimus.
342 1308 423 1374 Cum
446 1317 552 1370 autem
580 1330 680 1372 naves
706 1318 838 1373 nostrae
863 1310 1025 1373 evercitus
1051 1311 1269 1393 precederent,
1299 1315 1302 1321 '

152 1404 181 1457 et
212 1393 397 1458 Sarraceni
430 1393 602 1456 cvistentes
634 1394 672 1456 in
702 1402 809 1457 castro
836 1392 945 1456 Beriti
976 1415 1076 1456 naves
1111 1397 1270 1458 venientes

150 1479 306 1559 viderent,
328 1487 412 1542 metu
429 1477 610 1562 perterriti,
633 1485 777 1540 castrum
788 1476 897 1541 Beriti
917 1479 1173 1542 munitissimum
1193 1478 1269 1541 rdi-

171 1571 300 1642 uerunt,
322 1571 351 1626 et
374 1561 478 1625 attera
499 1560 553 1623 die
575 1564 749 1626 enercitum
779 1561 1014 1646 subsequentes,
1045 1571 1186 1625 castrum
1208 1562 1269 1625 ibi-

151 1586 232 1726 ἔθνη,
256 1646 344 1730 quod
381 1653 451 1709 erat
486 1647 758 1726 munitissimum,
799 1645 918 1730 absque
955 1649 1043 1710 omni
1075 1645 1272 1731 difficultate

150 1755 185 1795 ce
209 1732 307 1810 imus,
335 1738 364 1793 et
393 1738 438 1793 tot
466 1751 562 1792 arma
585 1728 881 1793 alabastrariorum
903 1738 932 1792 ct
961 1731 1212 1815 sapittariorum
1233 1733 1270 1794 in

150 1753 208 1878 itii
230 1823 337 1878 castro
358 1813 554 1892 invenimus,
583 1814 668 1896 quod
690 1814 748 1876 vin
770 1812 813 1876 20
828 1812 988 1898 plaustra
1004 1812 1101 1898 ferre
1125 1824 1270 1898 possent,

151 1908 180 1962 et
209 1907 253 1962 tot
279 1895 449 1978 victualia,
483 1897 571 1981 quod
597 1898 784 1982 quinqentis
814 1897 997 1960 nominibus
1031 1899 1076 1962 ad
1099 1899 1116 1961 7
1141 1899 1270 1962 anrios¹>

152 2005 189 2046 su
201 1981 348 2064 ficerent.
395 1979 474 2045 Cum
504 1989 609 2044 autem
639 1980 687 2044 ibi
718 1979 758 2044 15
787 1979 900 2043 diebus
926 2003 1052 2044 moram
1071 1981 1270 2065 faceremus,

186 2069 214 2130 ii
228 2066 415 2130 Sarraceni
437 2064 609 2128 adventum
624 2073 770 2128 nostrum
790 2073 974 2144 metuentes,
997 2073 1139 2129 castrum
1161 2067 1269 2148 quod⁶

151 2151 276 2214 dicitur
305 2147 418 2213 Giton
449 2159 478 2212 et
507 2148 601 2212 aliud
630 2157 772 2212 castrum
786 2147 1018 2230 firmissimum
1039 2149 1127 2232 quod
1147 2145 1270 2235 Lpec'ite

152 2235 293 2298 dicitur²
322 2233 537 2318 reliquerunt.
580 2231 651 2296 Hoc
675 2233 800 2312 audito,
830 2240 858 2295 et
886 2234 1025 2318 coqnito,
1049 2233 1137 2316 quod
1159 2235 1271 2297 omnia

152 2327 263 2381 castra
289 2317 447 2382 marina‘l
474 2339 575 2401 usque
601 2318 638 2380 in
660 2316 872 2381 Antiochiam
899 2326 1003 2380 essent
1030 2317 1088 2380 sub
1110 2325 1271 2402 potestate

153 2403 419 2483 christianorum,
441 2423 553 2464 versus
575 2399 725 2486 Sydones
751 2410 951 2482 revertentes,
982 2409 1103 2465 terram
1133 2402 1268 2466 circum·

152 2508 291 2585 quaque,
315 2509 414 2571 quum
434 2494 608 2550 tenuerunt
622 2484 815 2566 Sarraceni,
837 2488 1056 2551 vastavimus:
1078 2495 1106 2548 et
1134 2487 1181 2550 sic
1205 2508 1271 2570 per

154 2569 319 2632 arinrlium
341 2571 478 2655 superni
498 2571 611 2656 Reqis,
631 2568 768 2656 supatis
791 2567 1002 2651 Sarracenis,
1025 2571 1083 2716 qui
1103 2592 1268 2716 nnsqbuam

153 2675 340 2737 comparere
368 2655 498 2734 audent,
531 2663 679 2718 sanctam
708 2655 869 2719 civitatem
890 2654 1030 2716 Ikerusa
1043 2677 1090 2719 em
1116 2657 1154 2718 in
1200 2657 1270 2718 revi

153 2737 351 2822 capiendam
393 2759 459 2802 esse
502 2760 683 2823 speramus.
742 2735 926 2802 Sarraceni
967 2739 1052 2800 enim
1094 2739 1271 2802 accercitum

148 2830 302 2890 ¹nostrum
323 2825 511 2886 unanimem
532 2823 598 2886 ess'e
620 2824 755 2886 scientes
770 2820 937 2906 otfortem,
959 2845 1124 2906 nusquam
1146 2823 1271 2886 audent

153 2927 327 2991 apparere.
371 2907 452 2970 Inde
481 2914 537 2985 est,
565 2906 652 2989 quod
679 2914 819 2969 vestram
847 2906 964 2969 obnine
985 2928 1160 2970 enoramus
1181 2928 1269 2970 reve-

151 2992 302 3072 rentiam,
329 2999 490 3074 quatenus
507 3012 573 3074 pro
596 2999 711 3053 nostra
741 3012 779 3053 ac
802 2991 899 3053 totius
921 2989 1175 3054 christianitatis
1191 3013 1289 3075 pro-.

152 3077 307 3158 speritate
364 3096 400 3136 er
430 3081 531 3136 totum
564 3072 883 3157 archiepiscopatum
915 3083 1054 3138 vestrum
1083 3078 1270 3140 memoriam

153 3161 259 3222 nostri
280 3097 395 3221 haiziri
406 3157 563 3241 faciatis,
586 3165 615 3218 et
636 3165 672 3218 ut
694 3158 844 3241 sipnatos
865 3158 902 3219 in
923 3166 1026 3221 vestro
1051 3157 1268 3242 archiepisco·

149 3251 236 3328 patu
259 3243 305 3306 ad
321 3240 575 3325 persolvendum
595 3249 671 3304 vota
692 3261 755 3302 sua
785 3249 813 3301 et
842 3242 1098 3305 succurrendum
1121 3242 1269 3308 christia·

153 3328 272 3390 nitatie
306 3323 516 3409 compellatis.
571 3322 612 3388 Si
644 3327 699 3409 qui
728 3325 825 3388 etiam
853 3325 891 3387 in
923 3332 1013 3386 terra
1037 3327 1270 3408 promissionis

152 3433 284 3476 mvnere
312 3407 487 3490 voluerint,
522 3408 649 3471 reditus
676 3408 722 3471 eis
751 3405 948 3493 sufficientes
977 3409 1014 3471 in
1043 3408 1154 3472 eadem
1181 3418 1270 3474 terra

156 3495 328 3578 assiqnari
338 3492 517 3578 faciemus.
568 3492 681 3556 Videte.

501 3580 667 3633 Recensio
686 3582 711 3632 I.
732 3581 823 3632 codd.
842 3581 875 3632 A.
896 3579 923 3632 0.

399 3648 494 3714 Anno
517 3649 694 3713 dominicae
715 3648 944 3722 incarnationis
968 3648 1059 3718 1198.

238 3730 435 3797 Celestinus³
451 3755 537 3819 papa
552 3732 649 3816 obiit3
673 3731 916 3816 cuiLotharius,
939 3733 994 3818 qui
1009 3742 1041 3797 et
1054 3732 1268 3817 Innocentius,

153 3816 316 3880 suecessit.
388 3817 538 3882 Ounrado
560 3817 725 3903 preposito
745 3816 802 3880 def
823 3817 986 3881 Deventre
1008 3827 1040 3882 et
1061 3816 1269 3902 Theoderico,

513 3933 677 3986 Recensio
697 3934 739 3985 ΙΙ.
760 3935 829 3987 cod.
848 3935 908 3986 Β1.

245 4007 396 4060 celestinus
416 4035 450 4045 -
471 4035 505 4045 —
526 4008 560 4058 de
579 4009 702 4074 erberg
721 4008 762 4072 (in
779 4010 831 4065 sirie
851 4008 917 4058 anni
937 4007 1031 4076 1197).

152 4097 238 4150 a)eieest
253 4101 299 4140 Bl.
331 4096 353 4150 b)
364 4101 426 4142 veli
443 4101 511 4141 annis
527 4100 556 4140 ad
572 4101 661 4150 septem
677 4110 751 4140 annos
767 4101 813 4141 Bl.
825 4100 899 4144 Ml.
914 4099 989 4152 iivel
1007 4101 1019 4140 i
1035 4100 1103 4141 annis
1118 4101 1142 4140 tn
1157 4103 1269 4152 archetypo

151 4169 258 4208 superare.
274 4157 339 4210 erat).
368 4158 390 4210 e)
406 4160 468 4208 quod
484 4160 506 4202 i.
522 4158 597 4210 Gyhal
613 4170 632 4200 a.
648 4170 669 4199 a.
687 4163 787 4199 castrum
801 4161 826 4199 in
841 4171 909 4209 marq.
926 4160 975 4201 aad.
991 4159 1032 4200 01.
1069 4160 1093 4211 d)
1109 4161 1211 4200 maxima
1226 4163 1268 4202 01.

152 4215 175 4269 a)
183 4219 359 4258 christianitatis
368 4219 387 4257 A
396 4219 416 4261 2.
427 4219 448 4270 3,
454 4223 505 4270 post
512 4229 568 4258 corr.
578 4219 740 4258 christianitati
749 4219 769 4257 B
777 4223 796 4261 l.
828 4219 912 4269 titiant
924 4219 943 4258 B
951 4221 970 4259 1.
981 4219 1030 4270 013
1046 4230 1081 4270 pr.
1091 4219 1219 4260 Daventrie
1228 4220 1269 4261 02.

153 4314 180 4380 1)
201 4313 316 4376 Gabala.
393 4313 421 4378 2)
441 4313 588 4366 Labakiels.
670 4313 699 4382 3)
716 4315 750 4378 Β,
770 4315 816 4380 qui
835 4331 934 4366 annum
952 4331 1039 4366 mense
1059 4315 1158 4366 Martio
1176 4313 1270 4382 incipit

151 4385 215 4438 haec
233 4385 264 4436 in
270 4388 327 4453 fine
347 4403 373 4438 a.
394 4387 475 4437 1197.
490 4387 599 4453 posuit5
616 4388 677 4441 vide
697 4389 903 4454 praefationem.

997 4476 1035 4536 11
