3122 4978
241 425 429 476 CHRONIOA
448 425 559 476 REGIA
579 424 833 477 COLONIENSIS.
853 425 957 477 CONT.
976 425 1030 476 111.
1050 426 1084 479 A.
1097 425 1175 476 1203.
1224 427 1277 477 205

559 597 726 650 Recensio
744 599 769 650 I.
789 605 813 651 et
831 598 873 649 ΙΙ.

155 685 253 749 etiam
274 684 386 749 volatu
407 686 548 770 sapittae
569 687 627 748 uia
645 687 815 770 potuimus
831 686 999 771 attiapere.
1032 687 1115 751 Inde
1156 689 1277 752 erraui-

154 791 228 833 mus
259 768 305 831 ad
332 770 502 853 quandam
529 771 650 833 turrim
677 769 899 854 fortissimam
927 793 988 855 que
1017 711 1163 834 Galatib
1190 792 1275 834 nun·

155 861 334 938 cupatur⁸,
363 855 400 917 in
433 875 499 938 qua
524 852 726 934 firmabatur
756 863 873 917 catena
884 851 1004 937 ferrea
1026 877 1145 940 prossa
1166 855 1276 935 nimis,

154 939 358 1024 quaeposita
373 937 494 1020 superb
510 935 604 1024 bipna
617 948 808 1002 transuersa
818 961 908 1001 more
919 939 1162 1020 transnatabat,
1179 939 1275 1001 attin-

154 1044 235 1107 pens
256 1042 358 1105 usque
380 1023 426 1085 ad
439 1043 550 1086 muros
566 1024 719 1086 ciuitatis.
754 1022 879 1087 Cateaa
893 1021 953 1084 illa
968 1033 1103 1108 portum
1118 1022 1277 1103 servabat,

154 1107 252 1168 iuuta
281 1127 381 1189 quam
412 1127 513 1169 suaves
542 1115 572 1170 et
601 1106 728 1192 pabeide
758 1107 901 1170 civitatis
930 1129 1002 1170 cum
1040 1107 1154 1192 barpis
1182 1115 1278 1170 erant

153 1188 253 1252 latere
282 1189 328 1253 ad
357 1187 445 1253 latus
476 1192 655 1272 coniuncte,
678 1190 770 1254 nobis
792 1191 963 1253 introitum
992 1191 1181 1255 inhibentes.
1235 1191 1277 1254 In

153 1274 243 1335 turri
275 1274 436 1356 siquidem
463 1275 628 1358 sepedicta
655 1283 750 1338 erant
777 1277 942 1339 sariantic
973 1274 1119 1360 Anpbici,
1146 1275 1275 1357 Pisoni,

153 1356 360 1438 Ieceutanit,
392 1358 514 1437 Dacbi,
548 1360 594 1422 ad
626 1382 698 1422 eam
731 1359 951 1422 servandam⁰
983 1368 1012 1422 et
1038 1361 1277 1444 protependam

153 1442 333 1522 constituti,
356 1444 415 1526 qui
436 1443 571 1507 enibant
590 1445 711 1507 turrim
731 1453 760 1506 et
780 1442 965 1507 introibant
986 1444 1069 1506 sicut
1091 1453 1120 1507 et
1142 1445 1276 1530 quando

151 1522 303 1589 uolebant
332 1527 377 1590 ad
404 1528 634 1612 sapittandum
661 1536 797 1592 nostros.
848 1527 959 1611 Super
980 1530 1068 1592 turri
1088 1537 1195 1592 auum
1216 1528 1278 1592 illa

156 1608 257 1672 locuti
279 1608 435 1693 fuimus‘
467 1634 539 1674 cum
571 1612 653 1675 duce
697 1611 831 1687 Venetiss,
855 1612 927 1675 uiro
953 1613 1215 1694 prudentissimo
1249 1623 1278 1678 et

155 1692 304 1775 discreto,
325 1695 467 1758 dicentes
489 1697 529 1776 ei,
552 1696 640 1781 quod
661 1695 865 1759 nullomodo
882 1704 992 1778 posset
1013 1699 1100 1780 capi,
1129 1697 1198 1762 nisi
1213 1719 1277 1780 per

153 1779 323 1841 minitores
345 1787 373 1842 et
389 1779 582 1863 petrariash
605 1789 788 1862 caperetur.
841 1779 1027 1863 Respondit
1048 1781 1151 1861 nobis,
1174 1782 1275 1866 quia*

153 1863 251 1926 iuuta
266 1871 417 1927 catenam
432 1864 630 1927 antedictam
642 1863 773 1944 faceret
787 1885 887 1926 naues
900 1885 981 1926 suas
990 1865 1184 1948 protrabi¹¹,
1197 1888 1276 1930 suas

153 1946 292 2031 eriperet
317 1948 489 2030 petrarias
520 1970 593 2011 cum
623 1948 744 2010 variis¹
773 1949 997 2018 instrumentis
1024 1970 1124 2033 super
1157 1972 1275 2032 naves;

154 2051 214 2092 nos
241 2052 367 2117 quoque
394 2039 509 2094 nostra
527 2030 719 2115 faceremus
746 2033 886 2116 inpenia
908 2031 995 2116 eripi
1016 2053 1116 2118 super
1143 2042 1274 2114 terram,

156 2123 212 2177 et¹³
234 2116 281 2177 sic
316 2116 463 2198 undique
485 2117 589 2178 turris
623 2115 753 2180 obsessa
782 2115 848 2180 Dei
876 2125 1049 2201 nostroque
1079 2115 1208 2180 auuilio
1236 2117 1275 2182 de

145 2196 253 2282 facili
273 2209 455 2298 caperetur.
497 2199 589 2263 Dum
611 2207 739 2263 outem¹¹
761 2199 816 2263 bec
832 2210 1110 2284 proponerentur,
1129 2203 1277 2264 sarianti

154 2283 192 2345 in
222 2291 309 2345 turre
338 2282 505 2347 latitantes
538 2286 661 2347 nostris
689 2284 839 2369 pentibus
868 2284 1058 2370 sagittando
1080 2285 1276 2368 inportunos

145 2365 322 2450 faciebant
353 2367 493 2430 insultus
501 2379 524 2430 ⁰.
586 2367 701 2432 Verum
729 2367 846 2430 nulbal’
875 2370 944 2432 uice
972 2370 1008 2431 in
1038 2390 1097 2431 nos
1120 2368 1277 2452 fecerunt

154 2449 333 2531 salitiones,
353 2453 434 2536 quin
448 2451 566 2536 forent
589 2453 709 2517 acriter
723 2453 904 2516 retromissi
924 2461 953 2517 et
972 2474 1107 2516 suorum
1126 2453 1274 2538 dampna

154 2533 347 2599 multimoda
369 2537 576 2600 sustinerent.
622 2538 737 2602 Tereia
758 2558 832 2600 uero
848 2537 902 2600 die
913 2545 990 2621 post
1004 2539 1145 2601 tentoria
1161 2545 1275 2602 nostra

154 2617 274 2683 ibidem
306 2620 437 2701 confina
469 2620 520 2684 ilbi
557 2621 687 2684 deintus
719 2629 879 2701 eaeeuntes,
916 2623 1038 2684 nostris
1078 2621 1275 2707 quibusdam

155 2701 313 2766 militibus
343 2713 371 2765 et
395 2704 563 2788 peditibus
580 2714 694 2790 preter
714 2727 774 2768 nas
785 2704 942 2789 fecerunt
963 2703 1116 2769 insultus.
1158 2705 1274 2770 Petrus

153 2807 228 2850 uero
251 2787 289 2850 de
311 2786 518 2852 Braielcuelq
540 2811 613 2852 cum
646 2789 841 2873 quibusdam
871 2787 1028 2853 militibus
1056 2799 1085 2853 et
1111 2790 1275 2854 sariantis

155 2879 304 2934 armatus
326 2872 567 2955 superveniens,
593 2874 641 2936 sic
662 2894 716 2936 eos
737 2896 811 2936 cum
822 2871 950 2956 festino
971 2875 1093 2957 impetu
1121 2874 1274 2938 atrociter

154 2955 289 3036 invasit,
312 2957 400 3041 quod
421 2957 451 3019 ei
473 2978 540 3019 non
559 2965 740 3041 potuerunt
760 2959 906 3020 resistere
921 2980 979 3021 nec
995 2958 1040 3021 ad
1058 2962 1163 3022 turris
1184 2957 1272 3042 refu·

155 3039 248 3124 pium
276 3061 436 3119 remeare,
469 3041 566 3103 immo
595 3041 738 3124 oportuit
758 3041 918 3124 quosdam
939 3063 1050 3105 eorum
1071 3045 1192 3106 nostris
1219 3043 1272 3105 in-

156 3123 318 3186 stantibus
326 3122 487 3207 prosilire
501 3124 539 3187 in
554 3147 654 3204 mare,
670 3132 698 3186 et
713 3124 760 3188 ibi
775 3125 932 3188 submersi
944 3125 1098 3208 fuerunt,
1116 3126 1274 3210 quidamr

155 3209 311 3288 truncati,
352 3208 488 3293 quidam
520 3230 594 3272 uero
629 3209 754 3272 retenti.
818 3207 937 3272 Statim
973 3208 1043 3272 Deo
1080 3209 1275 3274 mirabiliter

155 3300 311 3374 operante
337 3295 441 3354 turris
468 3294 587 3376 absque
614 3291 724 3357 bellico
745 3293 959 3356 instrumento
981 3301 1081 3377 capta
1103 3302 1132 3355 et
1158 3301 1275 3357 camna

155 3384 258 3459 rupta
268 3374 353 3458 fuit.
398 3377 478 3440 Marc
500 3378 530 3440 si
551 3377 662 3440 uidem
684 3375 990 3440 naribus‘ciuitatis
1011 3385 1097 3440 retro
1127 3377 1273 3441 abeunti-

156 3458 225 3539 bus,
248 3480 348 3522 naues
370 3470 500 3525 nostrae
522 3399 660 3525 liberum
676 3470 812 3546 portum
838 3458 1032 3541 babuerunt,
1059 3469 1088 3523 et
1115 3461 1275 3546 quosdam

156 3564 266 3607 eorum
294 3544 391 3608 simul
419 3568 492 3608 cam
524 3543 679 3630 pabeidis,
707 3543 871 3608 naviculis
901 3553 930 3606 et
960 3544 1074 3630 barpis
1112 3553 1274 3629 ceperunt.

158 3627 249 3691 Tunc
270 3649 346 3693 uero
367 3631 488 3693 nostris
509 3630 650 3692 navibus
672 3637 701 3692 et
732 3627 824 3692 nobis
847 3629 1012 3693 ordinatis
1041 3629 1087 3691 ad
1113 3651 1274 3713 pupnam,

150 3713 371 3797 processimus
391 3715 489 3776 iuuta
509 3713 588 3777 litus
610 3713 655 3776 ad
676 3714 839 3798 quendam
891 3723 994 3777 antem
1015 3712 1193 3796 lapideum,
1224 3712 1274 3776 di-

155 3805 294 3859 stantem
322 3820 344 3859 a
372 3805 463 3860 turre
485 3799 723 3881 prenominata
752 3819 822 3861 una
854 3735 958 3861 linea
1010 3796 1098 3862 Pons
1123 3818 1199 3861 vero
1221 3795 1275 3862 ille

151 3881 343 3966 protensior
364 3890 434 3943 crat
452 3903 560 3965 paruo
575 3890 677 3965 ponte
699 3881 892 3962 Parisiensi,
908 3889 936 3946 et
950 3890 1022 3944 erat
1038 3882 1117 3946 adeo
1133 3883 1275 3962 strictus,

156 3964 261 4050 queas
289 3973 354 4027 tres
385 3966 507 4050 equites
532 3967 653 4029 iuncti‘
679 3965 777 4030 simul
802 3965 959 4031 lateribus
989 3967 1067 4029 viar
1091 3989 1156 4051 per
1182 3965 1276 4031 iilum

155 4142 179 4195 α)
196 4145 439 4195 manumissurus.
500 4143 525 4196 b)
539 4158 610 4197 supr:
624 4148 671 4187 Bl.
738 4145 931 4199 c)csrtsnt102.
997 4146 1019 4197 d)
1034 4146 1146 4187 Ievensni
1163 4145 1276 4194 023120-

154 4205 251 4244 vsnisni
267 4205 286 4242 B
295 4206 320 4254 13
337 4204 467 4246 Gensctsnt
485 4205 518 4253 ts„
535 4207 593 4256 quod
608 4205 744 4248 Genusum
759 4207 857 4246 indicare
871 4206 962 4246 viduus.
1016 4203 1038 4255 s)
1055 4216 1115 4248 serv.
1130 4208 1154 4244 ct
1168 4205 1211 4244 des.
1228 4205 1247 4242 Β
1256 4207 1275 4242 1.

154 4261 269 4314 {tuumne
286 4264 329 4304 02.
390 4263 414 4315 g)
428 4265 580 4306 Venestorum
596 4266 625 4309 Μ,
684 4264 710 4315 h)
726 4267 839 4316 petrsrtos
856 4267 900 4305 01.
918 4267 938 4306 2.
983 4264 1002 4317 t)
1018 4266 1041 4303 et
1057 4266 1096 4306 01.
1113 4265 1134 4303 2.
1185 4261 1209 4313 k)
1225 4272 1275 4312 psr·

154 4323 216 4362 trsht
234 4324 274 4363 01.
306 4323 323 4373 1)
339 4325 393 4364 inst.
409 4325 481 4364 vastis
498 4324 546 4367 Bl.
592 4325 628 4374 m)·
640 4330 666 4365 ut
681 4325 715 4377 115
730 4325 848 4364 deessBl.
879 4323 904 4376 n)
920 4325 1035 4366 deutol.
1070 4321 1093 4374 ο)
1111 4323 1211 4364 assultus
1227 4322 1275 4362 1³1.

156 4379 245 4432 p)110n
261 4382 326 4422 nulls
340 4384 400 4425 codd.
436 4382 460 4433 q)
476 4385 586 4425 Brentcol
603 4385 633 4425 bt.
673 4383 693 4436 r)
709 4385 764 4424 deest
780 4385 823 4425 02.
859 4381 986 4434 s)utB1.
1024 4381 1043 4434 t)
1060 4381 1178 4424 coniuncti
1194 4382 1238 4421 01.
1256 4381 1277 4423 2.

154 4437 180 4492 u)
195 4442 236 4481 vix
250 4446 345 4490 possent
359 4443 433 4494 pert.
449 4447 478 4486 tr.
494 4445 537 4485 01.
548 4446 569 4485 2.
