3098 4982
311 398 365 448 alo
584 397 771 452 DIALOGUS
792 399 941 450 CLERIOI
959 398 1006 449 ΕΤ
1024 398 1136 450 LAICI.

843 573 862 623 Ι
867 573 897 624 V.

348 658 545 714 DIALOGUS
563 663 719 717 onnalol
735 664 791 716 ET
805 663 913 715 LAICI
931 663 1081 716 CONTRA
1101 662 1402 718 Passaouroaus

733 735 1008 792 EOULESIABUM.

344 845 483 898 INCIPIT
502 848 688 901 DIALOGUS
709 847 859 899 CLERIOI
878 848 925 898 ET
944 847 1048 900 LAICI
1068 847 1210 901 CONTRA
1229 848 1411 901 PERSECU·

670 922 786 974 Toaus
806 920 1074 973 ECCLESIARUM.

397 1023 578 1112 [Clericusp
590 1025 681 1090 Licet
690 1025 891 1089 karacterem
905 1046 969 1111 quo
982 1047 1041 1110 ego
1056 1025 1229 1110 insignitus
1242 1047 1313 1088 sum
1324 1036 1360 1091 tu
1370 1047 1439 1090 non

310 1127 404 1256 geras
419 1130 480 1173 nec
494 1110 667 1195 acceperis,
680 1110 756 1196 quia
769 1119 877 1173 tamen
889 1110 1099 1193 gramaticam
1111 1118 1143 1173 ct
1153 1109 1315 1196 eloquium
1326 1109 1438 1194 lingue

339 1193 424 1257 atine
446 1194 540 1273 nosti,
561 1194 651 1281 loqui
672 1205 779 1258 tecum
801 1214 840 1257 ac
861 1192 1016 1258 disserere
1043 1194 1139 1279 cupio
1167 1192 1207 1258 de
1229 1193 1289 1258 hac
1310 1193 1438 1261 turbela

311 1277 424 1341 mundi
453 1286 485 1342 et
516 1277 555 1342 dc
583 1275 842 1365 persecutoribus
872 1275 1093 1359 ecclesiarum,
1120 1299 1200 1364 quos
1235 1277 1437 1364 temporibus

309 1363 428 1426 nostris
449 1362 484 1424 in
506 1361 652 1448 eligendo
675 1384 750 1446 rege
772 1362 955 1448 principum
978 1361 1140 1426 discordia
1162 1363 1341 1444 suscitavit3
1363 1385 1436 1448 pre-

311 1446 421 1510 sertim
433 1466 506 1509 cum
518 1447 552 1510 in
563 1446 895 1511 excommunicatione
907 1445 1014 1510 Adolfi
1026 1444 1189 1532 quondam
1200 1446 1436 1595 archiepiscopi

311 1539 344 1592 et
364 1530 397 1592 in
420 1530 490 1594 eius
513 1530 713 1617 depositione
734 1552 800 1594 non
821 1540 909 1596 recto
931 1531 1058 1595 tramite
1080 1552 1268 1617 processum
1290 1539 1314 1595 t1
1338 1532 1435 1596 iesse

310 1613 466 1678 videatur.

395 1696 524 1762 Laicus.
566 1695 657 1761 istud
680 1721 740 1782 ego
763 1697 894 1784 quidem
919 1697 974 1763 diu
995 1699 1059 1762 iam
1091 1698 1280 1782 desideravi,
1303 1709 1435 1763 utrum
1523 1771 1524 1776 η

310 1780 420 1867 aliquo
448 1791 504 1847 tue
531 1782 739 1868 professionis
764 1783 833 1847 viro
862 1782 936 1846 inde
958 1784 1148 1864 conferrem,
1184 1785 1260 1870 quia
1280 1805 1339 1847 nos
1359 1781 1435 1847 laici

309 1878 471 1965 putamus,
488 1866 576 1953 quod
587 1875 689 1931 toturn
700 1865 761 1930 hoc
772 1866 892 1931 malum
905 1890 947 1931 ex
958 1865 1054 1953 culpa
1065 1867 1252 1932 clericorum
1264 1869 1435 1946 sumpserit

309 1971 453 2014 mrcrum.

394 2032 548 2100 Clericus.
593 2037 755 2116 Quoniam
777 2034 811 2098 id
833 2036 952 2120 optime
974 2033 1127 2116 intellexi,
1140 2035 1227 2121 quod
1249 2034 1377 2121 culpam
1398 2036 1433 2099 in

309 2140 368 2183 nos
390 2119 567 2201 refunditis,
589 2119 662 2184 ideo
677 2129 793 2200 tecum,
810 2121 886 2206 quia
899 2120 950 2184 vir
963 2119 1105 2206 prudens
1119 2119 1239 2183 videris
1254 2129 1286 2185 et
1300 2120 1433 2184 rationis

310 2224 424 2289 capax,
446 2203 521 2267 inde
542 2203 630 2290 loqui
652 2214 683 2268 et
704 2212 735 2267 te
757 2205 953 2290 interrogare
968 2205 1090 2290 tibique
1105 2204 1299 2290 respondere
1317 2205 1432 2290 cupi03

309 2297 417 2352 tamen
438 2287 498 2352 hac
520 2288 710 2374 interposita
732 2289 924 2371 conditione,
946 2312 985 2353 ne
1016 2289 1248 2352 commovearis
1277 2289 1310 2352 in
1338 2289 1431 2370 iram,

310 2373 338 2436 si
358 2371 466 2458 aliqua
488 2373 601 2436 dixero
630 2395 692 2459 que
720 2373 780 2437 tibi
794 2395 860 2437 non
874 2371 1011 2459 placent,
1028 2373 1179 2458 quoniam
1195 2371 1229 2436 id
1244 2393 1310 2436 non
1323 2373 1431 2436 animo

309 2465 340 2520 te
372 2457 571 2555 provocandi
602 2456 696 2540 facio,
729 2457 785 2521 sed
823 2478 919 2520 causa
955 2457 1167 2521 ratiocinandi
1201 2466 1240 2540 et¹
1263 2457 1432 2522 veritatem

309 2539 468 2605 elio1endi.
1522 2549 1523 2566 l

393 2623 522 2688 Laicus.
571 2625 734 2689 Patienter
754 2633 786 2688 te
808 2624 947 2706 audiam,
976 2635 1017 2706 et,
1045 2626 1072 2688 si
1093 2634 1215 2712 poter0,
1246 2623 1286 2689 de
1307 2625 1432 2690 ratione
1523 2681 1524 2690 ,

309 2706 521 2793 respondebo,
537 2708 713 2772 dummodo
728 2706 862 2772 modum
876 2730 940 2772 non
955 2709 1104 2792 excedas,
1120 2717 1152 2773 et
1170 2732 1210 2773 ne
1225 2709 1320 2773 nimis
1335 2707 1378 2773 ad
1393 2731 1433 2776 ea

308 2792 535 2878 progrediaris,
558 2814 620 2878 que
642 2793 745 2878 magis
767 2794 872 2856 rixam
894 2814 992 2878 quam
1013 2795 1181 2858 veritatem
1203 2792 1340 2857 eliciant.

394 2874 549 2941 Clericus.
594 2874 724 2941 Cavebo
746 2877 860 2960 michi,
884 2892 916 2942 et
937 2878 1078 2962 primum
1100 2878 1158 2942 abs
1186 2885 1217 2942 te
1247 2899 1361 2964 quero:
1388 2899 1432 2942 an

309 2960 399 3024 tuin
420 2957 541 3046 populo
565 2960 720 3025 catholico
743 2972 774 3026 ct
795 2984 854 3047 per
875 2962 1060 3026 universam
1083 2961 1245 3027 civitatem
1266 2961 1341 3042 Dei,
1367 2983 1431 3047 que

309 3045 343 3106 in
372 3045 464 3109 terris
494 3053 543 3110 est
570 3046 749 3127 constituta,
778 3047 821 3111 du
845 3044 938 3110 licem
961 3068 1031 3110 esse
1052 3046 1222 3130 iusticiam,
1252 3045 1430 3132 spiritalem

310 3126 432 3193 scilicet
453 3151 491 3193 ac
509 3127 700 3211 secularem,
723 3069 893 3194 concedas.

393 3213 519 3278 Laicus.
563 3211 750 3278 Absurdum
773 3225 865 3296 esset,
888 3215 916 3278 si
937 3214 998 3279 hoc
1016 3235 1178 3300 negarem,
1195 3236 1237 3278 ex
1252 3235 1316 3312 quo
1331 3213 1431 3279 fidem

331 3296 460 3362 rofitear
481 3297 679 3376 catholicam,
701 3308 732 3362 et
753 3299 863 3381 sciam,
879 3299 965 3385 quod
979 3299 1013 3361 in
1027 3299 1177 3384 passione
1192 3299 1314 3363 dommi
1328 3300 1431 3363 nostri

307 3319 404 3447 lhesu
426 3380 547 3446 Christi
569 3380 633 3445 duo
655 3379 702 3447 illi
724 3381 822 3467 gladii
843 3383 963 3446 mistioi
977 3391 1147 3469 utramque
1163 3381 1246 3447 hanc
1268 3383 1431 3448 iusticiam

307 3465 387 3553 preli
412 3475 594 3531 uraverunt.

388 3488 547 3616 {lorinus
591 3549 680 3614 Bene
701 3551 816 3633 sentis3
839 3561 871 3614 et
893 3550 970 3635 quid
990 3550 1051 3615 tibi
1071 3550 1210 3615 videtur:
1225 3550 1340 3614 harum
1354 3572 1432 3632 una,

308 3634 342 3698 id
368 3644 418 3699 est
439 3633 599 3721 spiritalis,
621 3657 726 3699 nonne
749 3636 853 3719 primo
875 3634 946 3698 loco
969 3635 1011 3699 ad
1032 3657 1162 3721 papam,
1195 3633 1303 3718 altera,
1326 3633 1360 3698 id
1380 3644 1434 3698 est

308 3717 469 3800 secularis,
491 3719 596 3805 primo
617 3718 689 3782 loco
711 3718 753 3783 ad
775 3741 883 3803 regem
907 3718 1068 3806 pertinet?

392 3803 519 3867 Laicus.
563 3803 644 3884 Quis
665 3803 727 3867 hoc
750 3802 896 3868 dubitet?

392 3884 546 3952 Clericus.
590 3887 678 3952 Bene
700 3888 789 3970 sacis,
812 3887 900 3973 quod
920 3886 954 3951 id
974 3887 1060 3973 quod
1074 3885 1169 3951 facile
1184 3897 1233 3952 est
1245 3885 1339 3950 facile
1354 3907 1430 3949 con·

308 3969 405 4036 cedis.
448 3970 513 4034 Dic
533 3970 630 4035 michi
652 3971 764 4036 modo:
786 3993 901 4056 graves
924 3993 1076 4037 excessus
1099 3970 1431 4058 archiepiscoporum,

307 4056 392 4202 sioutp
417 4055 560 4202 periuria
588 4065 620 4120 et
648 4054 711 4120 alia
738 4055 924 4138 criminalia,
954 4055 995 4121 ad
1025 4078 1121 4142 quem
1150 4055 1312 4144 pertinent
1332 4055 1430 4119 corri-

329 4161 412 4204 ena

306 4161 328 4225 g
390 4222 517 4288 Laious.
560 4221 613 4287 Ad
636 4246 732 4310 quem
753 4225 856 4310 magis
881 4245 977 4310 quam
1000 4223 1042 4288 ad
1068 4245 1197 4311 papam,
1226 4245 1299 4287 cum
1327 4220 1429 4286 aliurn

305 4307 446 4374 iudicem
467 4309 501 4372 in
523 4307 584 4372 hoc
606 4307 715 4373 seculo
738 4331 834 4395 super
856 4331 890 4374 se
911 4331 977 4374 non
997 4307 1137 4373 habeant
1158 4308 1221 4372 nisi
1242 4306 1341 4372 illum.
