3102 4978
448 376 635 430 CHRONIGA
654 377 767 430 Rama
788 377 1040 432 COLONIENSIS.
1286 382 1301 430 7

181 549 242 606 dam
257 551 381 612 cisterna,
394 551 489 618 inqua
501 567 555 602 nou
569 557 627 602 erat
639 567 719 618 aqua,
730 553 778 603 sed
792 552 896 604 ossibus
908 558 1061 605 sauctorum
1074 553 1162 620 plena,
1177 561 1207 606 ιιι
1216 554 1301 606 solem

180 638 323 688 numquam
337 622 442 687 viderit,
457 630 484 675 ct
496 625 535 674 ibi
547 623 628 675 fidem
642 625 812 689 catholicam,
825 626 877 677 hoc
891 632 946 679 est:
965 625 1127 693 Quicumque
1140 628 1197 679 salt
1209 629 1301 680 saluus

180 711 243 758 esse,
259 699 409 762 composuit
422 703 449 748 et
461 699 540 749 beato
554 699 665 764 Hylario
679 699 850 749 Pictavorum
865 701 1001 766 episcopo,
1021 702 1066 766 qui
1081 717 1128 767 pro
1141 701 1194 752 fide
1209 703 1299 754 catho·
1316 709 1339 749 V.
1348 711 1391 752 Ηιι.

179 768 234 819 lica
253 769 337 820 multa
357 771 390 820 ab
403 771 522 823 Arrianis
541 788 683 838 perpessus
696 771 790 834 luerat,
804 773 959 824 transmisit.
990 775 1074 835 Quam
1088 775 1159 826 idem
1173 774 1300 840 Hylarius

179 843 290 892 nimium
310 843 475 909 amplectens
496 852 522 897 et
534 845 656 896 ultimum
669 859 783 905 versum,
803 845 831 895 id
852 850 906 897 cst:
926 846 1003 896 Haec
1022 855 1060 896 est
1071 847 1142 912 fides
1162 846 1299 908 catholica,

179 915 310 978 adiciens,
322 919 425 968 cunctis
435 916 561 969 fidelibus
573 919 779 969 commendavit.
797 920 893 970 Fertur
903 921 984 970 etiam
996 921 1130 985 quoddam
1142 921 1300 972 miraculum

181 988 214 1038 de
226 989 320 1039 codem
331 990 410 1040 beato
421 991 544 1055 Hylario.
573 993 686 1043 Arriaua
700 1007 814 1057 namque
828 992 917 1043 berosi
930 1009 977 1058 per
991 993 1081 1043 orbem
1091 993 1204 1056 furente,
1217 995 1300 1056 multi,

180 1063 226 1128 qui
255 1062 371 1114 ecclesie
394 1063 572 1116 videbantura
596 1081 655 1117 esse
685 1066 852 1130 columpnae,
875 1065 1028 1117 huiusmodi
1054 1060 1178 1118 veusuol’
1205 1067 1300 1118 infecti

179 1137 276 1186 misero
295 1151 328 1186 ac
348 1137 512 1202 desipienter
531 1153 547 1186 a
566 1137 630 1189 fidei
649 1138 735 1188 saluts
754 1138 929 1203 languebant,
948 1139 975 1189 in
995 1145 1097 1190 tantum
1118 1146 1147 1190 ut
1165 1141 1223 1205 ipse
1236 1147 1300 1191 tune

179 1208 347 1273 apostolicae
366 1210 439 1261 sedis
458 1226 529 1277 papa
541 1211 598 1262 Leo
618 1213 702 1277 ipsius
720 1211 795 1277 lepre
816 1213 1057 1263 commaculatione
1077 1229 1222 1279 respersus,
1242 1214 1300 1263 veri

180 1281 313 1346 dogmatis
344 1289 371 1334 et
397 1283 455 1348 ipse
483 1285 673 1350 prevaricator,
703 1290 733 1335 ut
761 1301 795 1334 ex
820 1287 979 1351 antiquitate
1005 1285 1105 1337 relatus
1132 1291 1299 1345 memoratur,
1397 1320 1398 1324 ,

179 1356 314 1416 existeret.
354 1356 475 1421 Cumque
496 1373 587 1418 omnes
607 1359 663 1408 fero
684 1359 804 1424 episcopi
824 1360 881 1410 eius
900 1358 995 1410 litteris
1016 1361 1170 1410 commoniti
1187 1361 1298 1410 Romam

178 1444 258 1493 super
276 1429 318 1480 his
337 1431 477 1480 tractaturi
495 1433 641 1501 venissent,
660 1433 734 1482 venit
753 1437 780 1493 et
805 1431 927 1483 dominus
946 1432 1082 1497 Hylarius,
1104 1434 1226 1498 quamvis
1246 1438 1298 1482 tar-

179 1501 246 1564 dius,
267 1503 346 1553 armis
362 1503 549 1554 universaliter
564 1506 689 1556 munitus.
722 1504 799 1566 Quod
814 1521 874 1556 cum
888 1523 905 1556 a
918 1507 1061 1556 nunciante
1076 1506 1177 1557 dictum
1190 1505 1298 1557 fuisset:

177 1574 273 1626 ‘Adest
296 1575 424 1642 Hylarius
451 1577 619 1629 Pietavensis
651 1579 793 1645 episcopus
825 1594 872 1644 pre
903 1579 1020 1642 foribus',
1047 1594 1118 1646 papa
1143 1578 1217 1629 velut
1239 1594 1298 1628 sero

177 1649 305 1710 venienti,
324 1649 405 1698 immo
425 1652 511 1715 magis
531 1651 675 1714 catholico,
694 1652 859 1715 indignatus,
879 1651 1017 1702 mandavit
1038 1653 1150 1718 synodo,
1170 1667 1203 1702 ne
1228 1651 1298 1702 ullus

178 1723 204 1771 ei
224 1723 443 1788 coepiscoporum
463 1730 615 1790 assurgeret
634 1729 681 1776 aut
699 1725 788 1774 locum
809 1725 935 1776 sessionis
956 1731 1093 1776 annueret.
1126 1727 1298 1775 Preseutatus
1378 1725 1379 1728 ’

134 1804 137 1812 ’
176 1795 310 1860 siquidem
329 1798 370 1846 vir
382 1795 436 1844 Dei
450 1797 576 1860 concilio,
594 1799 694 1848 honore
708 1797 879 1864 pontificatus
894 1813 990 1864 papam
1005 1799 1173 1864 preveniens,
1192 1799 1298 1865 ipsique

177 1873 205 1918 et
233 1870 335 1919 cunctis
363 1868 542 1921 residentibus
572 1872 654 1921 verba
679 1871 849 1922 salutationis
878 1871 960 1936 digna
987 1873 1138 1922 reverentia
1166 1871 1297 1922 inferens:

176 1941 289 2004 ‘Arete’‚
308 1943 402 2008 inquit.
436 1943 487 1994 coi
500 1943 555 2008 ille,
577 1945 654 2009 quasi
667 1960 745 2009 quem
759 1946 902 2009 ignoraret,
922 1945 1062 2008 insultans,
1075 1945 1174 1996 talibus
1188 1960 1296 2010 respou-

177 2014 249 2086 dissp
268 2015 364 2065 fertur:
385 2016 434 2066 ‘Tu
454 2032 517 2081 ergo
538 2017 665 2081 Hylarius
685 2016 779 2068 Gallus
799 2019 855 2068 es'?
893 2017 946 2066 ille
964 2034 1028 2068 vero
1048 2018 1083 2067 ad
1101 2017 1130 2067 id
1149 2017 1221 2083 quod
1241 2021 1298 2068 erat
1373 2023 1376 2036 ¹

174 2087 312 2138 fatendum
341 2105 491 2141 sermonem
520 2096 694 2150 convertens,
724 2091 805 2139 dixit:
834 2091 902 2142 ‘Non
930 2091 1004 2153 sum',
1030 2091 1132 2156 inquit,
1161 2091 1297 2155 ‘Hylarius

175 2161 279 2223 Gallus,
299 2163 347 2212 sed
368 2163 401 2212 dc
423 2162 529 2214 Gallia’.
564 2165 631 2214 Nam
651 2167 732 2228 gente
752 2164 938 2228 Aquitanicus,
957 2163 1105 2228 pontificali
1123 2180 1187 2214 vero
1208 2163 1296 2228 digni·
1343 2164 1346 2168 ’

175 2240 232 2286 tate
258 2236 426 2301 preminebat
446 2236 540 2288 Gallis.
579 2237 644 2288 Acsi
670 2237 773 2286 diceret
792 2237 831 2286 ei:
854 2235 914 2285 Non
933 2251 991 2286 sum
1011 2241 1106 2287 natura
1126 2236 1228 2296 Gallus,
1248 2235 1296 2287 sed

176 2307 210 2358 de
231 2308 320 2359 Gallia
339 2309 438 2375 presul.
481 2311 517 2360 Et
541 2326 612 2376 papa
638 2311 720 2360 animi
739 2310 829 2375 potius
854 2310 1064 2360 stomachatione
1085 2315 1219 2375 permotus
1245 2310 1296 2358 hee

174 2381 245 2432 infit:
265 2381 309 2431 ‘nt
328 2385 351 2433 si
370 2389 400 2432 tu
411 2381 540 2447 Hylarius
560 2383 594 2433 de
615 2383 712 2442 Gallia,
733 2398 783 2447 ego
803 2399 861 2433 sum
880 2382 937 2433 Leo
958 2384 1076 2433 Romane
1096 2383 1169 2433 sedis
1189 2388 1296 2448 aposto·

174 2454 243 2505 licus
264 2463 291 2506 et
306 2455 404 2506 iudex'.
430 2456 505 2506 Tunc
519 2456 646 2521 Hylarius
660 2457 717 2508 eius
730 2458 894 2522 pertinacem
907 2455 1063 2520 intelligens
1078 2457 1295 2518 controversiam,

173 2529 313 2593 respoudit
332 2530 358 2578 ei
376 2545 428 2579 non
449 2528 529 2580 stulte
555 2529 673 2594 quidem,
699 2529 747 2580 sed
773 2531 920 2595 sapienter:
945 2529 1033 2590 ‘Quod
1058 2530 1082 2580 si
1106 2537 1135 2580 tu
1154 2529 1221 2591 Leo,
1247 2528 1295 2580 sed

174 2617 229 2652 nou
248 2602 282 2652 de
302 2604 373 2653 tribu
392 2601 475 2664 Iuda;
496 2605 566 2653 etsi
584 2603 707 2654 iudicans
726 2601 838 2665 resides,
857 2601 906 2653 sed
925 2618 978 2652 uon
997 2604 1024 2651 iu
1043 2602 1108 2654 sede
1131 2602 1296 2654 maiestatis'.

173 2675 238 2725 Mox
256 2675 302 2725 ille
323 2691 382 2726 cum
402 2675 596 2740 indignatione,
616 2682 707 2742 spreta
725 2675 799 2745 sedp,
817 2677 898 2726 immo
918 2675 991 2726 sedis
1014 2676 1154 2740 dignitate,
1173 2676 1295 2738 sumaxit,

174 2748 340 2814 multumque
360 2763 474 2814 presago
494 2750 608 2802 antistiti
627 2752 739 2810 minans,
766 2751 849 2799 exivit
874 2748 979 2800 dicens:
1004 2748 1091 2812 ‘vida
1118 2750 1182 2815 quia
1205 2764 1293 2799 rever-

174 2827 234 2872 tens
252 2827 279 2872 te
299 2823 333 2873 ab
354 2823 395 2873 his
411 2823 521 2874 tumidis
534 2821 803 2874 sermocinationibus
817 2823 968 2886 mitigatum
982 2822 1126 2872 humilitati
1138 2821 1294 2873 restituam'.

176 2895 221 2945 ‘Et
243 2894 283 2954 si’,
307 2897 395 2962 inquit
420 2896 556 2960 Hylarius,
582 2898 643 2946 ‘non
667 2894 806 2946 redieris'?
836 2895 913 2956 Quod
942 2900 1032 2945 autem
1060 2897 1086 2946 ei
1110 2895 1186 2946 locus
1213 2895 1294 2959 digne

174 2969 301 3020 sessionis
322 2968 471 3033 denegatus
490 2968 585 3032 fuerat,
604 2985 657 3019 nou
676 2967 744 3019 adeo
763 2969 805 3018 vir
823 2968 877 3018 Dei
896 2967 1007 3038 moleste
1025 2967 1094 3031 tulit,
1114 2967 1163 3018 sed
1181 2973 1252 3018 terre
1265 2983 1294 3018 se

173 3041 291 3092 insidere
317 3057 427 3108 parans,
455 3041 554 3092 dixisse
579 3041 661 3092 femur
686 3041 799 3107 supplex
824 3039 890 3092 illud
919 3040 1090 3107 psalmistas:
1123 3039 1234 3092 Domini
1258 3047 1295 3091 eet

174 3123 248 3166 terra
272 3119 296 3164 et
312 3114 454 3180 plenitudo
479 3113 543 3164 eius.
581 3115 626 3165 Ad
644 3130 723 3180 quam
742 3115 934 3179 predicationis
954 3129 1048 3164 vocem
1068 3115 1166 3175 statim,
1185 3120 1215 3164 ut
1234 3129 1294 3164 sese

173 3188 256 3238 babet
274 3187 309 3237 ad
328 3203 438 3254 presens
462 3203 547 3253 usque
573 3188 710 3238 relationis
733 3187 813 3248 fama,
838 3188 898 3252 ipsa
920 3187 1001 3238 tellus
1027 3203 1167 3253 erumpens
1191 3202 1294 3238 sursum

174 3262 301 3323 excrevit,
322 3267 403 3328 atque
422 3260 498 3311 fideli
516 3261 616 3312 famulo
636 3260 735 3310 Christi
754 3261 782 3310 in
802 3259 890 3310 medio
909 3260 1082 3312 residentium
1109 3262 1294 3327 episcoporum

172 3349 277 3386 sessum
296 3351 347 3384 nee
367 3334 534 3385 humiliorem
554 3335 668 3400 prebuit.
706 3333 785 3396 Quod
804 3333 935 3384 universis
959 3338 986 3383 et
1012 3335 1126 3384 maxime
1154 3332 1294 3383 catholicis

176 3408 346 3474 stupentibus
364 3409 562 3473 Dominamque
575 3424 623 3474 pro
637 3408 724 3459 sancti
738 3406 831 3456 merito
845 3403 1025 3468 laudantibus,
1040 3405 1170 3457 attollitur
1184 3405 1293 3466 clamor,

173 3481 351 3548 apostolicum
371 3486 455 3532 morte
475 3487 632 3547 preventum
652 3481 791 3546 repentino
812 3478 944 3530 defecisse
962 3480 1081 3530 interitu.
1113 3479 1183 3541 Quid
1199 3478 1294 3544 plura?

173 3554 270 3606 Glerus
281 3559 481 3620 conventusque
494 3555 622 3614 turbatur,
637 3555 731 3605 civitas
745 3553 883 3618 omnisque
897 3552 1011 3619 populus
1020 3552 1072 3602 hoc
1083 3553 1211 3604 attonitus
1221 3551 1294 3602 facto

173 3631 293 3679 miratur.
326 3627 449 3694 Synodus
463 3627 632 3692 disiungitur,
653 3627 773 3694 episcopi
786 3641 878 3676 omnes
892 3641 952 3676 cum
966 3627 1116 3676 reverentia
1130 3631 1156 3676 ct
1168 3624 1294 3676 laudibus

172 3702 323 3753 beatissimi
341 3703 392 3753 viri
410 3701 517 3766 Hylarii
537 3700 572 3751 ad
591 3702 707 3767 propria,
728 3701 823 3750 erroris
844 3699 932 3764 capite
952 3700 1073 3763 contrito,
1092 3703 1268 3750 revertuntur.

246 3775 335 3826 Primo
356 3775 507 3826 Constantii
530 3789 599 3826 anuo
616 3772 734 3824 Iacobus
756 3798 786 3808 -
807 3799 844 3808 -
862 3773 972 3823 moritur
990 3788 1060 3824 anno
1082 3774 1161 3825 etatis
1181 3787 1228 3824 sue
1247 3771 1292 3822 46.

172 3847 272 3900 Elaea

247 3922 278 3972 A.
300 3921 324 3972 d.
344 3922 362 3971 i.
382 3920 445 3983 364,
464 3920 498 3971 U.
517 3934 581 3970 vero
602 3935 626 3969 c.
646 3918 724 3971 1116.
746 3918 876 3970 Claudius
896 3918 1015 3970 Iulianus
1036 3946 1070 3956 -
1094 3947 1122 3956 -
1145 3917 1294 3989 declinaret
1377 3973 1379 3977 ,

171 3994 350 4060 imperatoris.
388 3991 453 4044 ibid.

247 4068 324 4117 Haeo
345 4065 476 4132 equidem‘
496 4065 615 4116 faciebat
637 4081 685 4132 pro
711 4065 806 4116 timore
832 4093 865 4102 —
889 4093 922 4103 -
947 4066 1135 4118 abrenunciari
1163 4064 1292 4117 ecclesia·

171 4140 258 4190 stieae
276 4139 444 4206 professioni.
482 4137 571 4190 laad.

245 4213 311 4264 Post
329 4213 381 4263 hec
399 4219 503 4264 mortuo
523 4212 680 4264 Constantio
701 4239 735 4248 -
756 4239 790 4248 -
810 4213 887 4264 multi
907 4213 1014 4280 decepti
1033 4215 1103 4264 suut.
1139 4209 1240 4262 Eitea.

172 4377 196 4432 a)
212 4380 351 4421 videbantur
366 4381 390 4421 vi
405 4380 425 4420 B
442 4383 462 4422 1.
527 4377 551 4431 b)
566 4381 652 4421 veneni
667 4379 687 4419 B
698 4381 720 4426 1,
