3102 4978
281 424 334 476 XX
544 421 731 476 eunomus
749 420 864 474 REGIA
885 419 1137 473 conoumusls.

284 594 410 672 strunt,
433 592 531 656 initio
558 593 644 655 anni
665 593 838 675 sequentis,
861 590 1015 654 Heinrici
1037 591 1283 675 archiepiscopi
1303 598 1402 655 morte

272 675 384 762 fastis
406 675 524 756 inlata,
547 675 709 740 calamum
731 675 770 740 de
796 675 889 738 osuit.

368 759 481 846 Neque
511 770 618 824 tamen
647 697 802 824 monacli
823 755 942 822 Sancti
963 755 1177 821 Pantaleonis
1199 766 1277 822 tunc
1302 757 1400 824 Cbro·

284 845 395 908 nicam
416 847 543 930 reqiam
570 844 717 909 desinere
742 843 841 928 passi
862 850 947 908 sunt.
991 839 1059 906 Sed
1084 864 1201 906 nouam
1230 844 1404 907 continua·

283 930 402 992 tionem
437 937 658 1012 susceperunt,
704 929 742 991 in
786 926 953 991 codicibus
987 926 1022 988 D
1057 934 1229 1007 seruatam,
1269 949 1402 1016 eumque

283 1033 351 1077 non
384 1011 634 1076 contemnendae
664 1013 872 1076 auctoritatis
900 1019 1150 1090 monumentum,
1184 1010 1222 1074 de
1253 1033 1315 1096 quo
1343 1012 1402 1096 qui

283 1098 322 1160 in
355 1106 482 1161 nostros
510 1119 592 1160 usus
623 1095 795 1162 editionem
849 1096 959 1158 aravit
987 1093 1019 1159 V.
1045 1090 1089 1160 Cl.
1114 1092 1292 1160 Cardenus
1320 1103 1402 1159 recte

283 1181 333 1244 ita
361 1181 527 1245 monuit1:
549 1177 701 1244 ‘Auctori
729 1180 797 1243 bau
848 1201 994 1264 parvum
1025 1180 1206 1265 inqenium,
1239 1179 1402 1244 iudicium

284 1272 427 1346 cautum,
442 1287 601 1328 summam
609 1264 711 1347 fidem
724 1265 840 1346 inesse,
858 1285 949 1328 nemo
964 1263 1106 1349 neqabit.
1139 1263 1249 1327 Raros
1263 1285 1401 1345 errores,
1469 1321 1471 1334 ,

284 1348 459 1413 mendacia
494 1348 588 1412 nulla
620 1347 717 1413 lector
751 1348 904 1428 inveniet,
940 1370 1039 1432 saepe
1075 1369 1115 1410 esc
1152 1349 1240 1412 carii
1271 1349 1401 1433 qeneris

284 1435 510 1514 monumentis,
539 1455 555 1496 e
580 1431 685 1496 istolis
706 1433 915 1518 praesertim,
944 1431 1038 1496 illuns
1059 1433 1220 1512 hausisse,
1246 1454 1305 1496 suo
1331 1430 1400 1497 loco

285 1515 498 1581 ostendemus.
549 1456 734 1581 Iunonem
766 1538 839 1581 cum
872 1514 1080 1596 Germaniae,
1112 1524 1180 1580 turn
1204 1517 1401 1600 prouinciae

284 1599 468 1664 Rbeuauae
489 1602 606 1696 optime
627 1599 773 1664 illustrat
799 1598 849 1663 uel
877 1600 973 1663 rebus
994 1599 1120 1665 Italicis
1142 1599 1296 1664 nonnibil
1317 1600 1402 1665 lucis

287 1682 390 1782 affert.
443 1681 514 1758 Quo
542 1685 651 1771 maqis
686 1682 871 1764 dolendum,
895 1683 998 1784 ⁸quod
1019 1694 1235 1769 praemature
1268 1685 1400 1770 eqreqio

287 1770 380 1854 operi
403 1769 507 1852 finem
534 1769 745 1854 imposuerit.
789 1765 940 1832 Subststst
960 1789 1035 1831 aero
1055 1770 1093 1833 in
1115 1791 1147 1833 a.
1171 1767 1267 1849 1249,
1298 1789 1401 1852 neque

285 1863 332 1918 est
363 1875 424 1916 cur
453 1852 644 1933 dubitemus,
677 1855 760 1938 quin
788 1874 878 1916 unus
904 1851 1053 1938 idemque
1083 1853 1123 1917 de
1148 1853 1201 1916 lis
1229 1853 1401 1916 duodecim

287 1938 390 2002 annis
421 1935 578 2002 retulerit.
620 1938 729 2002 Rebus
761 1959 846 2023 quas
876 1946 997 2000 narrat
1027 1958 1060 2001 se
1082 1934 1194 2021 fuisse
1223 1937 1401 2022 aequalem,

222 2032 228 2043 '
287 2022 491 2106 apertissime
507 2021 646 2086 ostendit
654 2031 676 2086 ².
704 2020 736 2085 A
750 2022 997 2086 continuatione
1012 2021 1216 2086 antecedente
1231 2043 1266 2086 eo
1282 2019 1401 2106 diffirt,

285 2107 373 2253 quod
395 2107 472 2170 ‘sive
498 2107 535 2170 in
557 2107 730 2170 nativitate
751 2106 891 2170 Domini
918 2107 985 2170 sive
1012 2107 1050 2170 in
1073 2104 1260 2189 primordio
1281 2107 1402 2170 mensis

306 2191 446 2254 anuarii
467 2191 544 2254 noni
567 2191 652 2254 anni
673 2191 807 2254 initium
835 2198 976 2255 statuere
1004 2189 1160 2269 videtur’,·
1190 2210 1298 2253 errore
1326 2210 1400 2254 uero

284 2274 458 2359 manifesto
481 2297 513 2338 a.
537 2273 628 2338 1238.
648 2275 764 2338 tribuit
785 2297 869 2359 quae
897 2274 944 2337 ud
970 2295 1096 2337 annum
1117 2281 1297 2358 sequentem
1318 2273 1402 2355 refe·
1498 2297 1501 2302 ·

284 2359 391 2422 reuda
412 2367 517 2438 erant,
546 2357 721 2422 annalium
741 2357 877 2424 exordio
906 2379 980 2422 uero
1002 2356 1129 2421 nullum
1157 2379 1283 2421 annum
1298 2379 1400 2442 prae·

311 2444 403 2518 osuit,
437 2463 472 2506 eo
494 2440 644 2525 fortasse
677 2442 850 2522 adductus,
905 2442 971 2506 uod
1003 2441 1207 2506 continuatio
1239 2440 1301 2506 illa
1332 2443 1402 2506 iam

320 2527 439 2590 einrici
458 2534 589 2590 mortem
610 2531 626 2612 (
628 2525 678 2589 26.
694 2527 794 2590 Mart.
817 2463 915 2606 123l)
936 2523 1101 2589 retulerat.
1144 2525 1305 2592 ‘Conradi
1326 2547 1401 2591 uero

285 2609 467 2674 electionem
498 2609 711 2690 desiderabis,
743 2609 831 2694 quod
861 2609 914 2674 illi
942 2609 1070 2674 tribuas
1100 2610 1158 2708 qui
1178 2620 1257 2693 post
1283 2608 1401 2674 multos

286 2716 393 2758 annos
423 2693 480 2758 bos
509 2693 648 2757 annales
673 2692 855 2758 Obronicae
875 2693 1073 2779 praesulum
1101 2695 1261 2757 inseruit.
1312 2692 1402 2760 Certe

286 2800 370 2862 opus
391 2777 519 2864 pronde
540 2777 674 2864 lonqius
696 2777 852 2842 deducere
867 2779 997 2843 auctori
1012 2799 1079 2862 pro
1105 2781 1223 2843 ositum
1234 2776 1319 2863 fuit,
1343 2779 1403 2862 qui

284 2863 479 2927 monachum
499 2861 619 2926 Sancti
635 2861 849 2926 Pantaleonis
871 2863 995 2945 apertis
1017 2800 1123 2926 uerbis
1145 2885 1178 2926 se
1194 2860 1401 2944 profitetur-⁸.

286 2946 358 3011 Hoc
381 2947 488 3032 iqitur
499 2946 734 3046 monasterium
758 2945 797 3009 de
812 2946 954 3010 historia
970 2947 1089 3033 putria
1112 2948 1230 3032 optime
1251 2947 1401 3010 meritum

286 3031 767 3200 ettagffilclitcogmqtesyizpoffl
782 3115 847 3196 ius,
881 3122 918 3178 ut
945 3115 1099 3197 uidimus,
1133 3114 1311 3201 descripta,
1344 3115 1404 3180 uin

285 3207 392 3262 tamen
404 3199 708 3284 archiepiscopatus
719 3135 1011 3282 Coloniensisflnes
1021 3221 1153 3286 eqressa
1164 3221 1231 3264 esse
1242 3200 1402 3263 videbunt

284 3281 467 3368 Enemplar
488 3305 591 3347 unum
612 3285 650 3347 in
670 3306 751 3347 usus
773 3283 923 3348 ecclesiae
942 3282 978 3349 S.
996 3283 1129 3348 Mariae
1149 3283 1402 3368 Aquisqranen·

285 3367 333 3432 sis
366 3366 495 3432 soeculo
517 3365 592 3431 XII.
617 3377 780 3452 paratum
808 3369 968 3449 norimus,
1005 3376 1034 3432 et
1058 3369 1127 3432 iam
1151 3369 1190 3432 in
1214 3365 1404 3431 Annalibus

285 3451 491 3537 Aquensibus
526 3451 707 3517 Clsroniccae
739 3454 851 3538 reqiae
883 3461 1035 3536 eucerpta
1064 3452 1203 3538 aquosci
1228 3460 1402 3536 possunt⁵.

285 3534 418 3600 Rimas
472 3537 556 3600 artis
577 3537 776 3602 920-1162.
805 3537 843 3600 in
872 3534 1023 3622 linquam
1050 3534 1262 3600 vernaculam
1290 3544 1401 3600 trans-

284 3617 365 3684 latio
381 3641 403 3681 a
418 3557 553 3684 lilitleint
567 3619 831 3706 quodamfratre
846 3628 882 3683 ut
892 3620 1023 3685 videtur
1035 3621 1163 3686 ordinis
1174 3619 1210 3688 S.
1219 3619 1402 3686 Iolannis⁶

285 3702 434 3787 confecta
462 3711 491 3766 et
514 3703 731 3789 praefatione
756 3705 940 3788 rhythmica
973 3713 1094 3770 ornata
1126 3712 1232 3768 enstat
1265 3705 1303 3769 in
1331 3703 1400 3770 ced.

287 3861 316 3931 1)
337 3862 378 3932 Of.
397 3865 475 3917 etiarn
494 3866 704 3919 dissertationem
723 3867 780 3919 eius
798 3865 828 3918 in
847 3866 955 3920 ‘Archiv
967 3867 995 3932 f.
1014 3868 1042 3918 cl.
1058 3865 1208 3920 Oesebicltte
1227 3869 1274 3922 des
1288 3867 1400 3919 Niedcs·

284 3938 374 3990 elesius
395 3938 432 3991 N.
451 3938 493 3992 F:
513 3939 556 4004 II,
576 3958 607 4007 p.
628 3942 680 3990 197
699 3958 754 4008 sqq.
847 3939 877 4008 2)
897 3958 923 3993 n.
945 3941 1031 3993 1243:
1062 3940 1184 3993 Castrum
1209 3942 1402 4010 amplissimum

285 4012 378 4063 videre
409 4015 506 4065 nostris
538 4015 701 4082 temporibus
731 4015 864 4067 deiectum
892 4022 963 4066 terre
992 4015 1093 4081 equari.
1146 4013 1222 4078 Quae
1254 4012 1399 4065 annalibus

286 4085 382 4137 additu
400 4094 462 4138 sunt
481 4087 514 4139 de
528 4085 651 4139 Conrado
670 4087 876 4155 archispiscopo,
897 4088 1018 4154 qumnuis
1037 4087 1099 4153 illis,
1118 4097 1148 4139 ut
1169 4087 1280 4151 uidetm,
1300 4086 1400 4151 alienu,

285 4157 365 4210 onnis
396 4159 475 4210 1250.
507 4162 549 4212 oet
574 4161 654 4212 1251.
680 4160 781 4229 scriptu
802 4179 871 4227 esse,
899 4170 967 4214 recte
994 4161 1022 4212 V.
1044 4160 1081 4212 Ol.
1106 4160 1248 4213 Gardauns
1277 4160 1400 4212 stotuusc

284 4232 399 4284 uidetur.
444 4232 520 4285 Iden
544 4232 821 4301 &beffa-Baistosst,
848 4234 919 4289 Hist.
944 4234 975 4284 Z.
1001 4233 1104 4298 XXIX,
1132 4252 1163 4301 p.
1190 4236 1253 4296 451,
1286 4250 1318 4285 eu
1346 4233 1400 4284 loco

284 4323 311 4357 a.
327 4306 406 4358 1249.
415 4308 532 4372 probare
542 4317 651 4360 ceneten
664 4315 711 4362 est.
749 4307 779 4375 3)
793 4308 1014 4361 o.1242:abbus
1028 4310 1182 4359 monasterii
1195 4308 1278 4358 nostri
1291 4307 1318 4358 S.
1329 4307 1399 4357 Pun-

245 4397 247 4402 ·
284 4379 428 4432 thuleonis.
466 4379 496 4445 4)
511 4379 781 4451 Chronicomreqiuns
799 4399 854 4434 non
870 4383 899 4434 in
913 4380 1033 4433 chronico
1051 4377 1343 4432 uniuersaliSarconico
1356 4395 1401 4431 en·

284 4451 480 4522 scripturussse,
488 4453 607 4507 Weilond
614 4455 712 4520 docuit,
721 4455 924 4523 ‘Forselsunqen'
931 4453 1016 4518 XIII,
1022 4472 1054 4521 p.
1063 4454 1112 4504 161
1122 4471 1192 4520 sqq.;
1203 4455 1236 4521 cs.
1245 4453 1290 4505 Ἰ).
1298 4452 1401 4509 Cicron?

283 4525 326 4591 II,
340 4543 373 4594 p.
393 4527 427 4578 32
447 4545 474 4580 n.
493 4529 519 4580 2.
580 4526 609 4595 ὅ)
629 4529 659 4581 V.
677 4542 843 4595 suprepx.
905 4526 935 4595 6)
954 4545 979 4580 o.
998 4529 1043 4579 85.
1062 4537 1086 4580 et
1104 4528 1149 4582 98.
1169 4529 1216 4580 boc
1235 4526 1365 4583 indicunt.
