3098 4982
168 388 357 440 ennomus
369 389 482 442 uuum
496 389 744 443 COLONIENSIS.
764 389 866 442 CONT.
877 389 925 442 IV.
944 390 976 442 Δ,
989 391 1067 441 1225.
1081 391 1161 442 1226.
1201 391 1253 440 257

136 555 354 620 firmissimam
377 556 562 627 elaboravit.
598 556 748 622 Castrum
764 557 946 622 Turunh⁸·¹
971 580 1067 644 super
1087 557 1254 624 Mosellam

137 641 244 722 situm,
266 640 434 706 latibulum
453 641 642 727 predonum,
664 641 706 706 ad
727 643 906 706 maximum
928 641 1131 707 commodum
1154 641 1253 708 eccle·

137 725 257 788 siarum
284 735 316 788 et
343 726 446 810 patrie
476 727 676 812 comparavit
705 735 737 791 et
763 725 897 791 ecclesie
920 725 1104 792 Coloniensi
1125 726 1254 814 reliquit

136 809 379 959 possidendum.
433 808 534 875 Cuius
566 819 668 874 morte
704 810 833 895 audita,
866 810 1039 875 Heinricus
1072 832 1178 876 comes
1212 811 1252 876 de

164 893 308 957 euifinhb
330 896 522 978 promissum
543 895 577 957 in
599 895 821 978 resignecione
842 917 877 959 re
901 895 908 909 ‘
947 895 1051 961 Dacie
1079 903 1193 977 cassat,
1221 905 1253 961 et

136 977 296 1042 mediante
317 979 542 1065 conposicione
563 989 596 1043 et
616 979 757 1063 acceptis
779 977 882 1043 obsidi
906 1001 944 1042 us
965 980 1142 1078 etcopiose
1157 1000 1253 1065 pecu-

136 1063 200 1143 nia,
214 1084 323 1146 regem
338 1060 476 1128 absolvit
490 1071 522 1127 et
535 1061 719 1127 absolutum
757 1063 890 1128 ermittit
903 1063 945 1127 ad
958 1084 1089 1163 propria
1099 1085 1251 1128 remeare.

221 1146 337 1210 Postea
353 1148 402 1211 17.
417 1145 491 1212 Kal.
507 1145 698 1212 Decembris
745 1147 883 1211 einricus
903 1169 959 1232 pre
985 1157 1084 1212 osrtus
1103 1147 1364 1216 Rumon-raas.

137 1230 211 1310 sis⁰,
226 1231 361 1294 nacione
378 1230 418 1295 de
429 1227 631 1314 Miilnarken,
652 1229 817 1317 preficitur
831 1231 901 1296 sedi
914 1231 947 1296 vi
970 1241 1059 1313 uate;
1075 1232 1252 1316 quistatim

135 1322 210 1400 post
242 1312 435 1379 eleccionem
467 1317 500 1379 in
524 1314 699 1381 vindictam
726 1315 813 1379 necis
842 1316 891 1379 sui
945 1315 1057 1379 iissimi
1085 1315 1253 1400 predeces-

136 1398 216 1462 soris
252 1420 362 1464 coram
396 1399 557 1498 prioribus
589 1400 732 1547 prestitit
765 1399 908 1464 iusiuran
933 1421 998 1463 um.
1054 1399 1123 1462 Nec
1157 1399 1253 1484 longa

135 1503 227 1546 mora
250 1483 439 1565 intervenit,
467 1504 540 1547 cnm
568 1505 588 1547 a
619 1483 841 1547 lmandatum
864 1482 1007 1548 eiusdem
1028 1482 1121 1548 electi
1142 1504 1162 1545 a
1182 1504 1253 1547 vas-

135 1566 222 1630 sallis
257 1564 456 1632 Coloniensis
499 1566 613 1633 eclesie
650 1577 790 1632 castrum
827 1566 982 1652 Isenberg
1017 1567 1184 1632 obsessum
1219 1567 1253 1630 in

135 1649 339 1716 dedicionem
360 1660 530 1738 acceptum
559 1661 607 1717 est
635 1663 667 1717 et
688 1650 755 1716 solo
778 1662 979 1738 coequatum.
1022 1650 1113 1716 Idem
1135 1649 1254 1716 accidit

135 1733 177 1798 de
198 1733 261 1799 alio
283 1745 388 1801 castro
411 1735 575 1800 eiusdeme
598 1737 732 1816 comitis,
749 1735 835 1822 quod
857 1734 975 1800 dicitur
996 1735 1252 1834 Novus5pons2.

134 1819 175 1884 In
201 1818 300 1884 natali
321 1819 455 1884 Domini
483 1829 636 1907 sequente
664 1819 834 1885 Ounradus
857 1819 1042 1884 Portuensis
1070 1837 1360 1904 eprscopus,oa.as.

134 1903 311 1990 apostolice
347 1903 432 1970 sedis
466 1904 607 1990 legatus,
642 1904 773 1969 advenit
808 1901 990 1986 Coloniam3
1028 1903 1084 1989 qui
1118 1901 1254 1968 terribili

135 1989 338 2054 anathemate
370 1986 564 2053 nefandumf
592 1987 795 2053 Fridericum
823 1997 855 2052 et
876 2009 951 2052 suos
979 1985 1154 2073 complices
1180 2008 1252 2074 pro·

135 2073 319 2159 phanavit³.

502 2167 621 2230 Annos
641 2164 775 2229 Domini
798 2165 890 2230 1226.

220 2249 404 2314 Honoriusll
432 2271 519 2336 papa
547 2250 587 2315 de
614 2249 747 2314 oonsilio
773 2247 909 2314 fratrum
930 2247 1072 2332 legatum
1099 2249 1133 2311 in
1154 2248 1254 2312 Fran·

137 2333 221 2398 ciem
245 2335 352 2417 mittit,
380 2333 460 2398 dans
486 2332 533 2398 illi
559 2334 609 2398 ini
641 2333 803 2415 mandato,
831 2345 867 2398 ut
892 2330 1027 2398 verbum
1058 2333 1162 2396 crucis
1183 2353 1253 2417 pre-

135 2417 221 2482 dicet
242 2428 352 2483 contra
378 2418 536 2484 hereticos
561 2418 759 2484 Avionenses
786 2425 818 2482 et
839 2416 1027 2482 Tolosanos.
1070 2415 1123 2481 Ad
1149 2416 1254 2480 horta-

136 2503 256 2566 tionem
291 2502 390 2588 igitur
425 2502 454 2568 le
477 2504 522 2568 ati
557 2504 685 2567 nomine
715 2503 852 2567 Romani
884 2503 918 2566 in
950 2501 1121 2566 Franciem
1153 2499 1253 2581 missi,

136 2584 329 2650 Lndewicus
360 2607 419 2650 rex
491 2608 644 2652 ancorum
678 2609 752 2652 cum
785 2586 1046 2673 archiepiscopis,
1079 2584 1251 2671 episcopis,

136 2667 317 2751 abbatibus,
345 2671 525 2755 comitibus,
551 2670 724 2752 nobilibus,
750 2669 924 2736 baronibus
952 2671 1066 2736 ceteris
1089 2692 1129 2734 ue
1152 2668 1252 2768 magi-

138 2751 289 2817 stratibus
304 2754 449 2834 Francis,
461 2755 667 2837 Normannie,
681 2754 843 2838 Flandrie,
853 2753 1054 2840 Burgundie,
1064 2691 1254 2832 briennum,

139 2835 326 2922 Campanie,
341 2837 500 2912 Heronio,
512 2837 674 2921 Alvemie,
689 2838 730 2904 de
744 2841 914 2921 Pontivo¹¹‚
930 2840 970 2905 de
985 2839 1111 2903 Bituria
1125 2838 1254 2903 contra¹

136 2921 366 2985 Avionensesm
388 2920 629 2986 ct'l'hclosanos
651 2922 806 2988 hereticos
829 2945 925 2989 cruce
947 2924 975 2987 si
1021 2933 1124 2988 antur.
1167 2921 1254 3003 Quo-

136 3027 207 3071 rum
231 3004 404 3069 adventum
426 3027 501 3069 cum
522 3006 665 3070 inaudito
687 3016 845 3092 apparatu
866 3008 953 3072 cives
974 2945 1036 3072 {pn
1059 3005 1253 3088 Carcasone,

137 3088 179 3154 de
199 3088 304 3174 burgo
328 3089 438 3154 Sancti
460 3088 584 3175 Egidii,
607 3089 647 3154 dc
668 3088 853 3154 Nemauso⁰
885 3100 917 3156 et
945 3088 986 3153 de
1007 3089 1151 3154 Massilia
1183 3111 1253 3154 sen-

137 3175 268 3256 cientes,
300 3175 369 3260 regi
398 3174 597 3238 Francorum
626 3183 806 3256 occurrrmt,
839 3195 873 3238 se
905 3195 980 3238 oum
1009 3176 1077 3238 suis
1105 3173 1253 3238 omnibus

136 3259 238 3343 ipsius
274 3257 416 3323 dominio
453 3258 662 3344 subiugantes
697 3267 730 3322 et
747 3247 898 3323 ‘ecclesie
931 3256 1086 3322 catholice
1116 3269 1254 3356 pareret>

136 3342 315 3407 iuramento
348 3342 582 3408 confirmantes.
633 3342 754 3407 Verum
783 3342 1002 3407 Avionenseer
1031 3340 1254 3428 prodicionem

136 3426 314 3510 molientes,
337 3447 412 3491 cum
433 3449 543 3512 regem
564 3426 647 3491 infra
667 3447 777 3491 muros
800 3447 874 3491 suos
895 3427 1055 3512 recepisse
1078 3433 1253 3511 putassent,

137 3521 246 3597 portas
272 3510 485 3594 recluserunt,
518 3510 575 3575 sed
600 3510 716 3576 inclusi
736 3509 871 3576 viriliter
891 3533 925 3576 se
946 3508 1163 3592 defendentes,
1195 3529 1255 3594 per

137 3654 343 3708 a)'1*nrinehcr;
364 3657 474 3698 Τιιιιιιιιιὶι
489 3668 545 3698 corr.
562 3655 659 3696 Turnnh
675 3656 717 3696 02.
792 3654 816 3707 b)
831 3654 959 3696 Scuuriuch
975 3656 1017 3698 01.
1079 3653 1099 3705 c)
1116 3642 1192 3696 Briau.
1210 3655 1254 3695 01.

137 3713 161 3766 d)
170 3717 199 3755 ad
207 3717 337 3756 -ecclesie
345 3717 391 3756 alta
398 3728 466 3756 maan
474 3717 498 3756 ia
505 3717 551 3756 loeo
559 3726 610 3755 raso
616 3716 636 3754 B
643 3719 663 3756 1.
701 3713 724 3766 e)
732 3715 778 3755 atta
786 3726 853 3755 maara
860 3715 885 3754 ta
894 3715 939 3754 loco
947 3726 1000 3754 roeo
1009 3715 1028 3754 B
1035 3716 1055 3754 1.
1101 3712 1255 3765 onerandum

135 3779 186 3823 post
200 3786 256 3816 corr.
274 3775 388 3815 nefandos
408 3776 461 3815 illos
478 3776 523 3826 131,
549 3779 567 3815 at
588 3775 620 3814 ita
641 3775 720 3824 retium·
740 3775 800 3814 codd.
862 3772 886 3824 g)
903 3785 959 3824 quaa
973 3774 997 3814 ta
1013 3774 1053 3814 Bl
1070 3777 1193 3823 sequamur
1207 3783 1255 3812 noa

137 3843 183 3872 uao
198 3837 373 3884 temporumque
388 3835 460 3874 eodan
474 3845 542 3874 manu
557 3837 649 3874 aarum
669 3839 720 3873 suat
742 3845 757 3873 a
776 3833 859 3880 acribia
882 3834 960 3882 quibu
974 3837 1052 3873 sudor
1067 3844 1093 3872 aa
1108 3833 1133 3872 ia
1147 3832 1254 3872 calamum

136 3893 219 3931 dedisce
234 3893 331 3943 viduam
353 3894 462 3933 nonaum
476 3905 527 3933 vero
541 3894 587 3943 ipae
599 3897 650 3942 port
670 3893 791 3933 emendasse
809 3893 924 3942 putandus
944 3897 981 3932 aa.
1050 3889 1075 3943 h)
1092 3891 1208 3932 Honorius
1227 3913 1254 3922 -

136 3953 231 3993 nomine
254 3953 300 3992 alic
321 3963 389 3992 mcau
410 3953 434 3992 ta
456 3953 502 3993 loeo
525 3963 577 3992 roso
602 3952 649 3997 Bl.
740 3950 759 4003 ί)
783 3953 853 3992 etlam
877 3951 919 3993 01.
1002 3948 1027 4001 k)
1050 3951 1151 3991 Ponttno
1175 3950 1216 3991 01.
1234 3951 1255 3993 2.

137 4008 157 4061 l)
179 4011 234 4050 ᾱιιιι
255 4011 297 4050 02.
387 4009 419 4062 m)
443 4023 472 4051 vo
496 4011 524 4052 de
548 4011 638 4052 Blturia
659 4015 740 4051 contra
759 4009 837 4051 Arion
857 4011 903 4050 alta
924 4021 992 4050 manu
1014 4011 1039 4050 ta
1061 4010 1107 4050 loeo
1130 4021 1182 4051 raso
1207 4010 1255 4050 ΕΙ.

138 4069 163 4121 n)
179 4071 235 4110 deest
251 4070 325 4112 (11.2.
394 4069 417 4122 o)
442 4080 498 4110 auso
520 4071 567 4110 utta
586 4081 654 4110 mcau
676 4071 701 4110 in
723 4071 769 4110 ῑοσο
792 4081 844 4110 raso
860 4070 906 4111 Bl.
974 4066 999 4122 p)
1015 4079 1106 4120 parare,
1122 4074 1147 4110 ut
1161 4069 1253 4116 amur,

134 4141 194 4170 corr.
210 4141 294 4180 parere
309 4130 357 4168 Bl.
417 4127 440 4181 q)
458 4131 570 4171 avienses
585 4140 642 4169 corr.
658 4127 803 4170 Avionanses
820 4129 867 4172 Bl.

139 4242 168 4309 1)
183 4243 275 4295 Torua
288 4245 330 4297 cel
345 4243 462 4308 Tauron,
477 4261 563 4310 prope
573 4242 658 4296 tilbert
671 4243 765 4306 situm5
786 4243 820 4308 cf.
832 4242 866 4295 G.
882 4241 957 4293 Trea.
970 4239 1019 4292 SS.
1032 4241 1102 4292 XXI
1108 4241 1135 4305 V,
1146 4258 1177 4307 p.
1189 4209 1253 4292 399ss

138 4315 168 4382 2)
187 4316 340 4386 Nieadrdpp
358 4335 441 4385 prope
459 4318 575 4379 Humor,
594 4317 629 4384 cf.
647 4317 749 4380 Elabar,
769 4313 926 4384 ‘Depelbert'
950 4332 980 4380 p.
1000 4316 1062 4366 270.
1144 4312 1174 4380 3)
1194 4315 1254 4364 Iam

137 4390 223 4441 medio
237 4391 300 4444 Dec.
314 4391 477 4459 Mequntioe.

966 4475 1004 4537 17
