3126 4976
264 467 449 520 CHRONICA
468 471 582 524 REGIA
602 473 845 527 COLONIENSIS
865 477 896 528 A.
916 476 995 528 1125.
1017 476 1097 528 1126.
1241 479 1276 530 63

526 645 689 699 Recensio
712 647 733 698 Ῑ.
754 649 847 704 codd.
868 649 901 700 A.

150 741 240 818 gunt,
263 732 370 796 virum
392 732 457 796 iam
477 729 554 797 inde
576 732 617 797 ab
639 732 855 798 adolescentia
875 734 910 797 in
931 733 1022 801 bellis
1038 737 1275 821 experientissi-

150 837 239 879 mum
276 824 308 880 et
339 816 482 881 victoriis
514 816 818 902 frequentissimum.
879 819 1090 905 Quocumque
1126 821 1211 886 enim
1241 844 1275 886 se

150 909 299 981 verterat,
322 899 454 986 speciali
476 901 617 986 quodam
639 900 705 965 fato
728 923 791 988 quo
810 902 912 967 Iulius
929 902 1029 968 Cesar
1051 926 1127 968 usus
1136 915 1159 987 ³,
1180 904 1274 988 vicit,

151 994 183 1050 et
215 985 367 1071 quoniam
395 983 548 1050 ecclesiae
576 986 738 1050 studiosus
767 987 916 1052 defensor
942 997 1020 1070 erat,
1053 988 1103 1054 89.
1131 987 1204 1053 loco
1234 990 1290 1055 ab¹

150 1070 300 1154 Augusto
328 1091 387 1132 rex
416 1068 558 1150 effectus,
586 1068 738 1135 Coloniae
764 1071 805 1136 ab
835 1071 978 1136 eiusdem
1006 1072 1092 1136 sedis
1119 1073 1275 1159 archiepi-

150 1175 250 1239 scopo
265 1150 432 1217 Friderico
453 1157 488 1217 in
508 1175 619 1238 regem
642 1176 706 1218 una
728 1176 802 1218 cum
824 1155 943 1219 domna
961 1156 1117 1240 Rikenza,
1139 1158 1275 1244 coniuge

150 1259 219 1318 sua,
249 1247 463 1302 consecratur.
506 1237 699 1324 Radespone
720 1240 810 1324 regio
837 1261 925 1306 more
947 1241 1118 1326 excipitur.
1164 1239 1275 1306 Rebus

150 1320 197 1386 ibi
217 1322 279 1386 rite
301 1320 473 1405 dispositis,
495 1323 647 1386 remeat*
912 1331 915 1334 '

149 1410 393 1452 AnniLotharii.

528 1466 623 1528 Anno
650 1466 780 1530 Domini
803 1467 893 1533 1126.

225 1547 373 1614 Natalem
395 1549 530 1612 Domini
551 1571 571 1612 a
595 1548 638 1613 ud
659 1549 873 1635 Argentinam
898 1551 1048 1616 celebrat.
1090 1551 1274 1616 Fridericus

150 1633 217 1697 dux
232 1632 381 1698 Alsaciae
396 1653 481 1698 nova
496 1655 557 1721 que
582 1655 633 1697 am
655 1645 767 1699 contra
781 1657 890 1721 regem
905 1634 1034 1701 molitus
1044 1637 1068 1717 ¹³,
1090 1637 1274 1721 principum

149 1717 270 1782 iudicio
293 1717 495 1803 dampnatur.
539 1719 610 1782 Rex
631 1718 674 1781 ad
694 1719 832 1803 patriam
853 1720 1042 1804 regreditur.
1115 1719 1274 1804 Rotgerus

148 1800 451 1949 Parthenopolitane
463 1801 551 1866 urbis
562 1803 733 1888 episcopus
745 1801 840 1886 obiit3
857 1805 909 1867 oui
920 1804 1096 1869 Norbertus
1109 1805 1273 1870 successit.

224 1887 299 1972 Apu
335 1883 506 1952 Corbeiam
520 1885 658 1968 Wisura,
670 1885 773 1972 glacie
790 1889 882 1974 quasi
898 1888 990 1954 obice
1006 1911 1077 1954 eam
1088 1887 1271 1973 repellente,

148 1969 335 2035 inundando
357 1979 456 2034 totam
479 1968 568 2034 urbis
590 1993 698 2035 aream
713 1980 859 2071 occupat,
882 1973 1104 2057 pavimentum
1119 1972 1273 2039 ecclesiae

148 2055 288 2141 preciosi
310 2055 482 2203 mnrtprisc
498 2054 565 2118 Viti
587 2076 675 2120 more
698 2065 803 2142 stagm
826 2058 977 2142 contegit,
1001 2066 1049 2121 set
1070 2054 1166 2142 paulo
1188 2068 1271 2142 post,

150 2137 326 2225 opitulante
348 2160 385 2203 eo
410 2160 461 2203 em
489 2148 609 2222 sancte,
637 2139 706 2203 sine
732 2139 876 2226 periculo
903 2141 946 2205 ad
975 2141 1103 2206 solitum
1130 2150 1272 2206 meatum

148 2221 240 2288 redit.
294 2223 444 2288 Preterea
469 2221 580 2303 multis
609 2223 679 2288 aliis
707 2224 741 2288 in
770 2222 849 2290 locis
877 2225 1075 2290 diversarum
1103 2225 1272 2310 regionum

149 2308 257 2392 magni
279 2316 415 2372 terrores
437 2329 494 2372 seu
515 2307 658 2392 pericula
686 2330 728 2373 ex
754 2310 854 2374 nimia
879 2331 1034 2397 aquarum
1062 2311 1271 2376 inundatione

148 2392 234 2456 conti
259 2401 359 2457 erunt.

222 2413 387 2562 Crequens
410 2476 594 2562 principum
624 2487 800 2542 conventus
824 2476 990 2544 Goslariae
1019 2501 1097 2565 rege
1125 2489 1272 2565 presente

148 2559 193 2623 fit.
230 2559 405 2646 Expeditio
453 2567 502 2624 ost
523 2569 729 2645 pentecosten
744 2571 854 2626 contra
875 2563 992 2628 ducem
1007 2564 1208 2630 Fridericum
1230 2567 1271 2632 ab

150 2643 299 2708 omnibus
321 2581 529 2709 collaudatur.

222 2727 303 2803 Rern,
325 2739 419 2815 rapta
440 2731 510 2793 acie
532 2729 708 2794 admodum
729 2750 840 2817 parva,
861 2731 896 2792 in
911 2730 1078 2796 Boemiam
1100 2755 1159 2819 pro
1181 2735 1272 2799 resti-

148 2811 268 2876 tuendo
291 2811 419 2893 (itione,
471 2814 505 2877 ui
526 2814 644 2878 iniuste
665 2813 784 2879 honore
805 2814 969 2899 predictae
995 2817 1180 2902 provinciae
1206 2819 1271 2904 pri·

148 2903 260 2959 vatum
291 2919 325 2962 se
380 2833 562 2979 uerclramr,
590 2898 701 2978 tendit,
731 2899 859 2962 incaute
884 2898 1025 2985 quidem.
1079 2901 1156 2966 Tria
1184 2903 1271 2966 enim

148 2979 247 3062 milia,
269 3003 334 3045 non
355 2921 437 3067 (pilus,
460 3003 570 3046 secum
590 2984 779 3068 assumpsit3
801 2982 941 3048 hostium
962 3005 1039 3049 vero
1055 2985 1096 3048 20
1112 2984 1201 3049 milia
1215 2996 1271 3052 aut

148 3062 286 3150 amplius
307 3075 406 3131 erant.
441 3066 585 3130 Ducenti
599 3088 675 3131 vero
691 3066 905 3154 expeditiores
919 3089 1028 3153 regem
1043 3069 1269 3153 precedebant,

148 3147 190 3213 ad
219 3149 432 3233 precidendos
457 3149 627 3234 indagines
654 3149 762 3232 silvae,
795 3173 857 3236 quo
884 3151 1051 3214 Boemiam
1080 3174 1100 3216 a
1127 3151 1270 3219 Saxonis

148 3231 358 3316 disterminat,
381 3234 539 3320 dispositi.
572 3234 718 3320 Cumque
740 3234 773 3298 hi
794 3256 853 3319 per
873 3235 962 3298 invia
976 3243 1008 3300 et
1021 3235 1158 3320 abrupta
1171 3235 1269 3302 silvae

213 3396 242 3465 *)
261 3397 321 3462 Al
349 3397 428 3449 add:
459 3399 550 3448 Anno
580 3399 719 3449 Domini
751 3395 896 3464 1099.(?)
923 3397 1128 3448 Fridericus
1155 3413 1270 3450 comcs

260 3465 322 3522 ded
342 3472 538 3536 Arnssberg
557 3471 660 3532 obiit,
686 3473 744 3537 qni
763 3477 881 3523 contra
907 3472 1054 3522 comites
1082 3470 1122 3521 de
1142 3469 1269 3538 Capen-

260 3541 342 3612 ber'g
366 3547 424 3597 diu
444 3544 690 3596 dimicaverat.
728 3545 879 3596 Tandem
900 3560 970 3595 cum
991 3545 1042 3600 eis
1068 3545 1102 3593 in
1129 3559 1270 3595 concor·

260 3618 534 3682 diamredierat,
554 3617 635 3670 data
650 3620 769 3671 maiori
781 3618 889 3669 fratri
904 3615 1095 3668 Gadeirido
1110 3617 1190 3668 filia
1209 3633 1270 3670 sna

258 3695 290 3744 in
311 3694 520 3759 coniugium.

154 3803 357 3812 -ῌ
487 3819 653 3873 Benenato
673 3819 715 3871 II.
734 3819 827 3871 codd.
846 3818 880 3870 B.
901 3816 928 3870 0.

147 3912 212 3965 89.e
230 3914 291 3965 loco
318 3913 352 3964 ab
372 3915 502 3980 Angusto,
521 3906 575 3968 abl
594 3912 716 3964 omnibns
734 3912 761 3961 in
781 3925 871 3976 regem
892 3911 1008 3977 eligitur,
1034 3918 1061 3962 et
1080 3910 1209 3963 Coloniae
1235 3911 1268 3962 ab

147 3989 352 4054 archiepiscopo
371 3987 512 4038 Friderico
533 4003 593 4038 cum
614 3987 728 4051 coniuge
754 4001 803 4037 sna
823 3985 932 4036 domina
949 3986 1069 4036 Richeza
1089 3990 1268 4045 consecratur,

145 4062 405 4126 regnavitque&
424 4063 520 4110 annis
541 4061 584 4110 13.

491 4127 521 4192 2.
564 4128 660 4190 Anno
681 4125 816 4189 Domini
840 4125 931 4190 1126.

220 4218 374 4270 Fridericns
391 4217 445 4269 dux
457 4217 579 4268 Alsatiae
599 4233 670 4268 nova
688 4215 805 4282 quedam
825 4221 918 4268 contra
933 4230 1025 4281 regem
1039 4209 1178 4278 molituri,
1197 4214 1267 4280 prin·

147 4293 236 4359 cipum
255 4291 357 4343 indicio
378 4293 546 4358 dampnetur.

146 4439 325 4493 a)usuA1.2.
370 4437 576 4491 b)molitnrdli
621 4425 819 4489 elmatyrisAl.
865 4432 1005 4486 d)derA2.
1024 4447 1053 4467 =
1073 4429 1268 4483 atsapoacorr.

146 4502 181 4544 89.
198 4501 241 4542 02.
301 4499 366 4552 Osi)
383 4495 607 4540 enarraremus.
668 4493 691 4547 g)
708 4496 824 4546 quedem
840 4494 884 4534 01.
945 4490 1203 4544 marcumunes.
