3098 4982
300 438 353 487 aar
392 433 579 487 ennomus
595 433 708 486 anon
728 432 981 486 oonoumnsrs.
1002 397 1104 485 oonr.
1119 433 1152 485 v.
1171 433 1203 485 s.
1219 433 1298 484 1247.
1311 433 1392 486 rare.

299 602 356 668 ubi
377 601 566 702 prohibetur
586 601 722 665 transire
742 599 784 664 ab
801 600 943 664 Henrico
965 621 1042 684 rege
1058 599 1217 682 Sardinia,
1240 599 1306 666 filio
1328 611 1424 667 natu-

297 686 357 752 rali
377 686 592 772 rmperatoris3
614 694 689 770 post
710 683 841 767 longam
862 705 983 748 moram
1006 684 1048 749 ad
1070 687 1224 771 propria⁸¹
1245 684 1348 751 rediit.

189 793 288 836 nare.
382 771 455 836 Rex
481 792 584 836 novus
614 779 755 834 castrum
771 768 911 834 Werde¹
941 771 975 834 in
1005 769 1058 834 die
1080 769 1181 834 Lueie
1204 768 1351 835 obsidere
1373 771 1423 834 in-

300 855 417 940 nepita
460 853 566 918 Ante⁰
588 851 650 917 lroc
671 862 801 939 tempus
823 862 965 918 castrum
980 853 1217 939 Noviomagum
1239 876 1299 939 per
1321 854 1421 919 comi-

298 949 365 1004 tem
387 937 607 1005 Gelriensem¹
630 936 717 1001 idem
738 960 798 1002 rex
819 938 914 1023 cepit.

677 1024 773 1085 Anno
795 1021 930 1084 Domini
953 1021 1045 1086 1248.

383 1106 544 1171 Henricus
580 1105 648 1169 dux
683 1105 859 1171 Brabantie
893 1106 1029 1170 moritur
1063 1107 1098 1168 in
1133 1105 1294 1170 Ianuario.
1379 1107 1420 1170 In

299 1189 413 1255 eodem
428 1212 538 1255 mense
553 1210 657 1254 novus
672 1211 732 1254 rex
747 1212 821 1254 oum
836 1189 942 1275 legato
957 1189 1179 1254 descendensl
1200 1191 1234 1253 in
1255 1189 1422 1256 inferiores

298 1284 406 1374 partes
432 1274 546 1355 Rheni,
575 1284 733 1338 venerunt
760 1274 794 1337 in
816 1274 1011 1355 Traiectum,
1040 1273 1147 1359 legato
1175 1273 1362 1338 exhortante
1392 1284 1426 1340 et

297 1357 491 1423 mduoente⁰
515 1358 661 1422 homines
689 1379 749 1443 per
779 1380 860 1443 quos
881 1359 1052 1422 transierat
1078 1357 1121 1421 ad
1142 1359 1247 1422 erucis
1276 1380 1424 1445 assump-

297 1443 419 1506 tionem
443 1452 554 1507 oontra
569 1441 732 1507 civitatem
747 1440 944 1527 Aquensem.
988 1443 1028 1506 In
1043 1442 1194 1506 Traieoto
1217 1451 1325 1514 autem
1347 1465 1423 1507 cum

298 1528 382 1591 inter
414 1525 578 1591 hominess
610 1527 757 1612 ipsorum
789 1533 821 1591 et
854 1528 942 1590 cives
975 1526 1114 1612 quedam
1147 1527 1275 1591 modica
1310 1526 1425 1592 firisset

298 1608 432 1675 suborta
453 1609 568 1674 seditio
591 1619 624 1674 et
645 1609 707 1674 obs
722 1609 784 1674 hoc
798 1611 918 1695 passim
933 1610 1138 1675 tumultuatio
1153 1611 1245 1676 fieret
1258 1635 1279 1674 a
1292 1611 1424 1697 populo,

298 1717 358 1758 rex
386 1704 417 1759 et
442 1693 568 1780 legatus
597 1694 684 1757 nonh
712 1694 781 1758 sine
814 1693 932 1759 rubore
965 1705 998 1760 et
1028 1695 1250 1780 indignatione
1278 1694 1422 1761 celeriter

298 1789 509 1848 recessenmt.
556 1778 696 1843 Veniens
725 1787 837 1844 'autem
869 1777 994 1864 legatus
1029 1776 1207 1860 Coloniam,
1244 1779 1423 1865 predicavit

298 1862 422 1928 ibidem
443 1883 574 1927 crucem
596 1872 708 1927 contra
729 1862 910 1949 Aquenses,
939 1863 1039 1927 verbo
1062 1862 1292 1948 predicationis
1321 1863 1422 1930 laicos

299 1947 501 2028 attrahendo,
534 1945 674 2033 prelatos
695 1957 803 2012 autem
825 1957 857 2012 et
877 1945 986 2032 plures
1009 1945 1142 2012 clericos
1169 1948 1287 2034 partim
1310 1948 1425 2013 exhor-

298 2032 419 2095 tatione
447 2030 567 2116 partim
601 2031 850 2096 comminatione
882 2052 978 2096 cruce
1007 2029 1162 2118 compulit
1193 2034 1325 2117 signari,
1358 2031 1425 2099 lata

299 2116 458 2180 sententia
476 2123 588 2180 contra
602 2116 799 2180 renitentesi.
837 2116 945 2197 Quam
965 2124 1074 2180 tamen
1089 2118 1280 2181 sententiam
1294 2137 1424 2181 excom·

299 2200 527 2264 municationis
541 2197 583 2263 ad
603 2200 791 2284 petitionem
807 2198 930 2263 domini
946 2198 1148 2264 Coloniensis
1163 2199 1423 2287 archiepiscopi¹¹

299 2281 401 2347 altera
428 2282 480 2347 die
508 2282 681 2366 relaxavit,
709 2283 885 2370 quemlibet
913 2283 1113 2370 relinquens¹
1143 2307 1200 2350 sue
1229 2285 1424 2351 conscientie

300 2376 409 2452 preter
436 2366 521 2447 illos,
555 2368 612 2453 qui
633 2390 695 2452 per
724 2369 862 2452 gratiam
885 2367 1005 2431 domini
1058 2391 1119 2454 ape
1151 2368 1310 2434 beneficia
1343 2370 1424 2435 obti-

300 2459 466 2516 nuerantm
488 2449 539 2515 vel
565 2472 635 2515 eam
658 2450 967 2537 prosequebantur&
1045 2454 1097 2517 ino
1126 2452 1251 2538 legatus
1279 2453 1425 2520 ascendit

301 2535 343 2599 ad
364 2544 472 2620 partes
495 2534 675 2620 superiores
688 2534 793 2599 Rheni
807 2557 920 2599 versus
933 2535 1154 2620 Argentinam,
1176 2536 1234 2602 ubi
1247 2535 1425 2604 honorifice

301 2617 420 2683 dicitur
443 2640 512 2682 esse
533 2627 692 2702 receptus.
777 2619 913 2682 Interim
934 2641 1039 2684 novus
1060 2643 1120 2686 rex
1133 2620 1326 2686 Wilhelmus
1348 2645 1425 2688 oum

189 2721 246 2772 aar.
255 2721 291 2764 ra.
302 2702 368 2766 suis
394 2700 572 2765 fautoribus
603 2701 765 2766 civitatem
788 2703 818 2764 A
842 2724 975 2768 uensem
1003 2705 1054 2770 3.ο
1075 2704 1149 2770 Kal.
1165 2705 1244 2769 Maii
1267 2705 1393 2771 obsedit
1401 2718 1424 2773 ³.

229 2788 232 2796 ’
303 2784 452 2871 Cumque
473 2786 507 2847 in
529 2805 648 2849 occasu
669 2783 745 2848 solis
767 2723 898 2872 quidam
917 2811 960 2852 ex
975 2787 1207 2873 obsidentibus,
1229 2789 1316 2853 avidi
1336 2789 1424 2856 fame

302 2879 335 2934 et
355 2867 471 2950 laudis,
492 2869 633 2954 primum
654 2867 809 2933 insultum
830 2879 941 2936 contra
960 2895 1058 2937 unam
1080 2882 1208 2959 portam
1229 2874 1426 3022 insepniterv

301 2953 512 3033 adorirentur,
546 2963 612 3018 tam
638 2952 755 3018 milites
777 2977 874 3040 quam
896 2956 1003 3041 plebei
1024 2958 1190 3022 interiores
1213 2981 1288 3043 egre
1311 2959 1426 3044 ienteS,

301 3038 348 3100 eis
376 3035 509 3100 viriliter
541 3047 757 3103 occurrerunt.
799 3039 949 3127 initoque
981 3041 1131 3127 utrinque
1162 3042 1318 3106 acerrimo
1349 3065 1425 3108 con-

300 3119 401 3201 flictu,
425 3121 617 3206 quibusdam
639 3122 679 3186 de
702 3123 917 3188 exterioribus
940 3125 985 3190 ibi
1003 3127 1171 3211 prostratis
1194 3135 1282 3190 etex
1303 3127 1424 3212 impro-

300 3205 392 3270 visor
408 3204 597 3271 cadentibus
611 3207 645 3269 in
661 3204 788 3270 cellaria
799 3208 968 3273 domorum
985 3218 1079 3274 extra
1090 3232 1200 3275 muros
1214 3211 1426 3276 infractarum

299 3309 386 3375 aqua
417 3288 567 3375 repletur,
601 3291 778 3378 ceterisque
805 3291 1018 3376 fugientibus,
1041 3293 1210 3381 Aquenses
1239 3293 1286 3358 ibi
1308 3317 1425 3381 preva-

302 3372 441 3437 luerunt.
484 3373 528 3437 Et
558 3372 633 3438 licet
664 3396 707 3438 ex
738 3374 799 3438 hoc
832 3375 983 3442 conflictu
1016 3379 1112 3443 timor
1143 3379 1305 3442 maximus
1338 3390 1425 3446 esset

299 3459 448 3521 incussus
479 3459 539 3522 toti
570 3458 746 3522 exercitui⁵
779 3460 875 3544 regis,
905 3460 1073 3547 Aquenses
1107 3464 1176 3528 sine
1205 3461 1268 3526 alio
1304 3463 1423 3530 damno

299 3541 464 3606 exercitus
492 3542 587 3626 regis,
619 3539 761 3606 tenebris
789 3563 844 3606 eos
871 3545 1064 3629 arcentibus,
1094 3555 1168 3610 sunt
1194 3570 1228 3612 re
1252 3549 1341 3611 ressi.
1384 3549 1424 3612 In

302 3625 363 3690 hoc
386 3621 538 3690 conflictu
552 3625 592 3690 de
603 3625 817 3690 exterioribus
833 3629 930 3713 periit
951 3629 1086 3695 nobilist
1102 3633 1152 3695 vir
1173 3631 1213 3696 de
1229 3569 1425 3718 {erwyssud

302 3719 336 3774 et
357 3709 489 3794 quidam
511 3719 577 3774 tam
599 3709 715 3773 milites
737 3732 835 3796 quam
858 3712 1019 3798 satellites,
1046 3737 1183 3801 quorum
1206 3736 1342 3800 corpora
1364 3717 1426 3782 cir-

302 3854 325 3907 a)
341 3865 383 3895 sua
398 3855 447 3895 Da.
508 3851 532 3904 h)
551 3855 629 3903 eoepit
643 3855 664 3892 D
674 3855 694 3893 2.
756 3861 778 3904 e)
794 3856 892 3894 Ante-
903 3856 965 3906 cepit
979 3857 1082 3900 deam.
1144 3857 1168 3909 d)
1185 3859 1353 3903 descendentes
1369 3863 1391 3900 D
1403 3863 1425 3904 2.

301 3911 325 3964 e)
340 3912 460 3953 indicante
476 3913 525 3952 122.
601 3914 619 3964 f)
635 3913 783 3954 honorabiles
799 3915 848 3956 Dl.
929 3913 952 3965 g)
969 3916 998 3954 ab
1015 3917 1065 3958 Dt.
1140 3916 1165 3968 h)
1181 3929 1229 3958 non
1245 3920 1297 3960 sine
1313 3921 1357 3962 dee.
1374 3921 1428 3964 Da.

302 3971 321 4023 i)
338 3975 472 4013 renutantes
488 3972 539 4012 Μ.
577 3969 602 4022 k)
618 3973 674 4012 deest
689 3973 740 4012 Dt.
777 3972 794 4024 l)
809 3983 864 4013 suso
880 3974 921 4014 rel.
938 3975 989 4014 Da.
1029 3977 1060 4026 m)
1078 3976 1154 4018 obten.
1171 3977 1221 4016 Da,
1256 3979 1280 4026 n)
1297 3990 1358 4029 pers.
1375 3981 1428 4022 Dr.

302 4029 327 4081 ο)
343 4032 399 4070 deest
414 4031 465 4071 Di.
546 4029 570 4081 p)
587 4031 776 4080 insignitam.
856 4030 881 4082 q)
897 4034 922 4072 in
939 4035 1119 4083 exprovisoDl.
1194 4034 1215 4086 r)
1231 4037 1327 4086 reptetis
1343 4040 1428 4081 Dm.

301 4087 324 4141 e)
341 4101 360 4132 r.
375 4099 412 4130 ex.
428 4090 476 4129 na.
538 4087 556 4140 t)
574 4100 596 4132 n.
613 4091 650 4130 vir
664 4091 708 4131 dee.
724 4091 772 4130 Da.
832 4090 856 4143 u)
871 4091 978 4132 Perwioh
993 4095 1044 4136 Μ.

306 4202 334 4268 1)
354 4200 554 4253 Kaiserswertb.
612 4201 641 4270 2)
665 4201 790 4255 Ottonem.
828 4203 859 4255 A,
915 4204 946 4272 3)
965 4206 1024 4258 Hoc
1045 4205 1075 4258 ia
1094 4206 1205 4259 dubium
1222 4217 1320 4262 vocant
1338 4213 1427 4278 diplo-

301 4282 378 4324 mata
403 4273 529 4326 Wollrelmi
546 4274 632 4342 repas,-
651 4277 685 4341 of.
705 4275 915 4330 dissertationem
933 4295 1017 4331 meam
1034 4298 1063 4346 p.
1082 4282 1117 4330 35
1136 4297 1173 4347 eq.
1213 4281 1240 4334 0.
1290 4284 1320 4350 4)
1341 4285 1432 4338 dode·

296 4347 394 4411 fridus
408 4347 530 4400 dominus
543 4349 576 4400 de
589 4347 698 4400 Pirwer'e
713 4349 829 4412 (Perwer
839 4368 925 4417 prope
942 4351 1099 4418 Gemblouu)
1113 4365 1273 4407 memoretur
1286 4356 1314 4408 ia
1327 4359 1429 4412 obortis

304 4437 333 4472 a.
356 4421 435 4486 1247,
455 4421 497 4473 De
516 4421 595 4486 Sorae,
616 4422 711 4475 Oleros.
730 4423 844 4476 F'landr.
864 4425 906 4488 II,
921 4443 952 4493 p.
969 4425 1022 4475 898
1042 4443 1098 4494 sqq.
1117 4428 1214 4482 M.
