3126 4976
280 448 314 496 to
469 445 658 498 CHRONIOA
677 443 790 496 suom
811 437 1053 496 COLONIENSIS
1073 442 1107 492 A.
1130 439 1209 492 1133.

659 619 823 672 Recessio
844 617 869 668 Ι.
890 617 983 669 codd.
1003 614 1036 667 A.

280 716 415 794 scopatu
447 706 510 770 sibi
544 705 673 791 suisque
707 703 946 770 successoribus
985 723 1005 764 a
1043 702 1188 787 predicto
1227 700 1405 787 apostolico

280 792 468 857 Innocentio
498 790 704 876 promeruitl.
757 790 837 853 Post
862 787 922 852 heo
951 788 986 850 in
1011 785 1118 851 reditu
1144 808 1217 850 cum
1244 809 1304 850 rex
1332 808 1405 851 cum

280 879 347 942 suis
369 875 411 940 ad
434 875 595 961 quendam
616 873 724 938 locum
739 873 889 954 venisset,
913 873 968 958 qui
981 881 1115 968 propter
1130 873 1209 934 situs
1224 873 1405 956 angustiam

282 960 377 1026 Olus²
401 961 492 1046 quasi
520 957 686 1044 preclusus
717 967 850 1023 vocatur
870 995 913 1005 -
935 977 1055 1041 qmppe
1081 977 1123 1019 ex
1145 977 1210 1019 una
1231 965 1323 1040 parte
1353 978 1408 1019 ex-

281 1044 478 1110 celsissimoa
499 1052 607 1108 monte
629 1041 805 1124 adiacente,
834 1063 875 1106 ex
904 1039 1007 1108 altera
1034 1049 1126 1126 parte
1156 1038 1405 1125 profundissimo

280 1129 413 1192 flumine
435 1139 593 1209 currente,
614 1129 668 1191 via
689 1128 723 1190 in
745 1125 850 1190 medio
873 1133 1010 1210 quatuor
1028 1145 1086 1188 seu
1101 1125 1242 1211 quinque
1256 1124 1407 1188 itineran-

280 1214 362 1278 tium
394 1213 506 1298 spacio
537 1221 666 1297 patente
693 1251 744 1292 -,
774 1218 805 1275 et
831 1230 904 1274 cum
935 1207 1056 1272 ibidem
1083 1209 1236 1273 transitus
1266 1209 1336 1293 regi
1364 1207 1406 1272 ab

280 1295 394 1361 incolis
416 1305 597 1382 negaretur,
618 1296 688 1382 ipse
710 1295 792 1359 miro
814 1302 930 1359 eventu
952 1301 984 1358 et
1030 1293 1177 1377 erspicuo
1199 1292 1264 1356 Dei
1284 1290 1406 1357 auxilio

282 1380 419 1446 eundem
440 1379 550 1445 locum
579 1377 724 1444 celeriter
751 1377 970 1463 irrumpendo,
1000 1314 1118 1462 ligatis
1148 1376 1304 1458 hostibus,
1332 1397 1406 1440 cum

282 1467 348 1530 suis
374 1465 567 1564 pertransiit,
597 1473 629 1528 et
660 1461 773 1527 urbem
800 1463 833 1525 in
864 1459 1035 1547 supercilio
1065 1461 1169 1546 ipsius
1197 1461 1408 1526 excelsissimi

282 1558 400 1614 montrs
415 1549 554 1634 positam
572 1548 739 1633 repentino
761 1544 882 1610 assultu
903 1546 997 1631 cepit,
1021 1554 1053 1609 et
1067 1545 1247 1630 principem
1262 1545 1406 1610 eiusdem

282 1632 381 1713 urbis,
405 1642 568 1698 auctorem
591 1630 684 1696 huius
705 1629 898 1712 rebellionis,
922 1650 1031 1694 secum
1054 1652 1093 1693 ca
1117 1630 1218 1693 tivum
1240 1630 1385 1695 abduxit.

357 1718 434 1781 Duo
462 1715 584 1798 circuli,
611 1717 714 1779 maior
741 1724 774 1780 et
801 1716 915 1796 minor,
945 1715 1031 1777 circa
1060 1651 1160 1778 solem
1189 1725 1408 1800 apparuerunt

129 1791 138 1810 ⁸
173 1803 313 1871 nasso.
337 1798 410 1865 Kal.
438 1797 512 1865 Iulii
539 1801 625 1865 circs
651 1800 763 1864 horam
791 1799 941 1881 tercism3
970 1799 1075 1861 minor
1096 1797 1232 1862 circulus
1261 1797 1407 1864 ambiens

283 1883 460 1973 principale
482 1883 639 1971 templum
652 1882 919 1949 Paterburnensis
940 1881 1025 1946 sedis
1046 1891 1080 1948 et
1091 1883 1194 1946 maior
1208 1882 1409 1948 circumdans

283 1973 295 2036 i
321 1992 389 2034 sam
417 1970 588 2052 civitatem,
615 1978 650 2032 ut
676 1967 795 2032 ibidem
826 1965 1075 2032 consistentibus
1102 1966 1279 2032 videbatur.
1331 1968 1409 2116 Ipsa

307 2056 337 2119 ie
370 2054 449 2118 hora
479 2075 564 2118 nona
594 2054 701 2138 ipsum
734 2051 911 2178 principale
938 2049 1092 2135 templum
1122 2073 1197 2115 cum
1227 2052 1314 2115 omni
1355 2075 1408 2117 ere

283 2139 426 2212 civitate,
448 2138 530 2223 proh
552 2137 659 2202 dolor!
681 2137 830 2202 incendio
877 2135 1096 2221 conflagravit.

187 2245 271 2295 suus.
355 2222 519 2306 Eclipsis*
534 2221 609 2285 solis
630 2221 716 2285 facta
737 2231 785 2285 est
804 2222 834 2284 4.
851 2221 960 2284 Nonas
980 2220 1121 2304 Augusti
1143 2219 1230 2284 circs
1251 2219 1362 2285 horam
1378 2221 1408 2304 6,

283 2307 318 2369 in
339 2314 464 2370 tantum
486 2314 521 2370 ut
543 2303 650 2370 stellae
672 2306 706 2368 in
728 2304 795 2368 celo
825 2313 1027 2390 apparerent.
1071 2305 1191 2388 Magna
1218 2303 1408 2402 inequalitas

284 2392 366 2455 aeris
390 2400 423 2454 et
444 2388 626 2475 pluviarum
649 2388 814 2452 inundatio
837 2411 896 2475 per
917 2398 1018 2453 totum
1042 2397 1170 2474 tempus
1193 2409 1307 2452 mess1s
1335 2389 1408 2454 sub-

284 2485 396 2539 secuta
428 2483 485 2538 est.
572 2472 792 2537 Consobrinus
824 2473 1045 2558 imperatoris³
1080 2472 1234 2536 occiditur
1266 2471 1407 2537 Traiecti

283 2579 303 2621 a
326 2555 526 2622 Godefrido⁴
548 2565 580 2621 et
600 2557 697 2620 fratre
718 2559 786 2622 eius
808 2556 1009 2620 Herimanno
1032 2556 1071 2620 de
1093 2555 1220 2620 Kucht

356 2642 429 2706 Rex
443 2641 609 2704 Dacorum
631 2639 776 2726 pluribus
798 2639 932 2705 advenis
947 2639 1154 2705 Tbeutonicis
1174 2649 1291 2704 terram
1315 2663 1406 2705 suam

281 2724 496 2789 incolentibus
522 2727 737 2789 truncationes
766 2723 984 2790 membrorum
1011 2725 1096 2788 facit.
1139 2724 1212 2788 Hac
1241 2725 1281 2790 de
1309 2746 1407 2791 causa

281 2809 456 2894 imperator
477 2809 716 2894 expeditionem
738 2832 835 2896 super
857 2830 930 2873 eum
953 2831 1083 2873 movere
1104 2809 1272 2873 intenditl.

347 2953 376 3022 ³¹²)
396 2954 451 3006 Aa
470 2955 523 3006 ito:
542 2955 695 3005 Indictione
714 2955 755 3018 11,
775 2955 800 3004 4,
815 2955 884 3006 Non.
898 2955 1020 3020 Augusti,
1040 2954 1104 3004 luna
1123 2954 1166 3006 at.
1182 2957 1321 3016 existente,
1341 2955 1408 3006 hora

393 3030 448 3079 diei
463 3030 487 3093 7,
505 3029 573 3080 feria
586 3031 611 3078 4.
633 3028 741 3094 eclipsis
754 3027 819 3079 solis
832 3029 905 3078 facts
920 3035 968 3089 est,
989 3033 1016 3078 et
1029 3028 1232 3078 obtenebratum
1250 3033 1291 3080 est
1310 3028 1406 3093 celum,

393 3102 471 3154 stelle
490 3103 549 3156 vise
568 3107 638 3152 sunt.

624 3213 785 3268 Beceusio
808 3215 848 3266 ΙΙ.
869 3215 962 3266 codd.
982 3215 1017 3268 B.
1038 3213 1065 3268 0.

283 3315 375 3365 favore
401 3315 554 3380 ingressus,
589 3323 663 3365 cum
693 3301 758 3364 iam
788 3301 956 3365 defunctus
986 3310 1071 3366 esset
1098 3301 1304 3383 Anacletus⁵,
1338 3299 1408 3366 sedi

185 3444 188 3450 .
283 3384 458 3471 apostolice
484 3385 623 3450 restituit
649 3385 888 3466 Innocentium,
918 3405 938 3448 a
967 3407 1030 3472 quo
1058 3385 1154 3450 etiam
1183 3401 1208 3448 2.
1238 3400 1308 3450 Non.
1337 3399 1409 3448 Iunii

283 3477 426 3528 Lateranis
445 3479 475 3527 in
494 3475 648 3527 ecclesis
667 3477 754 3527 sancti
769 3476 899 3526 Iohannis
916 3478 944 3527 in
963 3477 1004 3527 im
1036 3481 1205 3527 aratorem
1227 3481 1408 3539 consecratus,

283 3553 358 3630 post
385 3542 471 3608 bella
496 3552 527 3607 et
556 3543 706 3607 victorias
735 3542 914 3630 aliquantas
943 3543 977 3608 in
1037 3542 1147 3607 allisst
1173 3543 1279 3626 rediit,
1308 3557 1408 3608 ducem

284 3651 375 3686 secum
396 3636 531 3701 captivum
550 3634 699 3701 principem
720 3634 890 3699 quendam
909 3634 1058 3686 Ytaliac.

357 3707 482 3774 Eclypsis
501 3705 566 3758 solis
584 3707 658 3756 facts
678 3713 719 3776 est
731 3707 757 3758 4.
771 3709 838 3760 Non.
849 3708 972 3773 August,
992 3709 1059 3759 hora
1080 3707 1135 3758 diei
1154 3713 1238 3771 sexta,
1257 3708 1286 3758 in
1305 3713 1408 3760 tentum

285 3786 315 3831 ut
333 3779 429 3832 stellae
449 3779 478 3830 in
498 3779 574 3830 caelo
594 3786 763 3846 apparerent.
800 3783 899 3848 Magna
924 3782 1086 3848 inequalitas
1109 3785 1180 3832 aeris
1206 3787 1233 3832 et
1257 3782 1408 3849 pluviarum

283 3853 423 3904 inundatio
442 3869 491 3920 per
509 3857 593 3903 totum
612 3858 718 3920 tempus
738 3856 833 3906 messis
858 3855 1002 3908 subsecuta
1027 3859 1076 3925 pst.
1117 3855 1297 3906 Consobrinus
1322 3857 1407 3922 impe-

283 3927 379 3977 ratoris
399 3925 532 3977 occiditur
543 3925 663 3977 Traiecti
682 3943 698 3978 s
713 3926 861 3979 Godsfrido
881 3934 908 3980 et
926 3929 1007 3981 fratre
1022 3929 1079 3979 cius
1092 3929 1257 3980 Herimsnno
1272 3928 1306 3979 de
1318 3929 1408 3982 Kuch.

284 4051 307 4104 a)
324 4063 374 4095 exc.
390 4063 420 4094 m.
437 4053 484 4094 adi.
500 4064 529 4094 ex
545 4064 566 4093 s.
582 4065 604 4106 p.
620 4054 662 4094 des.
678 4053 728 4096 Aa.
810 4054 835 4107 b)
851 4057 907 4096 deest
922 4055 972 4099 Ar.
1047 4053 1069 4109 c)
1085 4057 1153 4098 Kubc
1168 4057 1218 4099 Α2.
1294 4055 1318 4108 d)
1335 4057 1411 4098 tendit

283 4112 334 4152 Al.
365 4127 395 4148 =
425 4110 447 4164 c)
467 4111 568 4154 Galliam
585 4114 630 4154 01.

286 4227 313 4291 1)
339 4226 369 4278 V.
389 4226 509 4279 chartam
527 4227 592 4294 Bcp.
613 4228 672 4281 bist.
699 4228 786 4296 Wartf.
807 4229 847 4292 II,
865 4247 894 4295 p.
917 4231 958 4281 15.
1060 4229 1089 4293 2)
1110 4228 1226 4284 Glaucen
1242 4232 1279 4283 ad
1289 4231 1409 4300 fluuium

283 4299 391 4351 Eisaclc.
465 4300 496 4369 ὃ)
518 4302 681 4364 Florentius,
706 4301 776 4355 filius
795 4303 927 4355 Florentii
951 4304 1056 4355 comitis
1077 4303 1111 4355 de
1136 4308 1275 4372 provincis
1294 4306 1409 4359 Hellant

283 4374 355 4425 Ass.
375 4373 404 4426 S.
497 4375 525 4442 4)
546 4374 579 4427 de
597 4375 739 4443 Arnabcrp.
833 4373 862 4444 5)
881 4373 1025 4428 desoletur
1046 4393 1117 4430 anno
1137 4379 1243 4431 demum
1264 4377 1344 4443 1138,
1364 4380 1408 4432 uie

285 4447 329 4498 25.
350 4447 413 4502 Iun.
431 4457 551 4500 mortuus
571 4457 618 4501 est.
