<?xml version="1.0" encoding="UTF-8"?>
<!DOCTYPE html PUBLIC "-//W3C//DTD XHTML 1.0 Transitional//EN"
    "http://www.w3.org/TR/xhtml1/DTD/xhtml1-transitional.dtd">
<html xmlns="http://www.w3.org/1999/xhtml" xml:lang="en" lang="en">
 <head>
  <title>
</title>
<meta http-equiv="Content-Type" content="text/html;charset=utf-8" />
  <meta name='ocr-system' content='tesseract 3.04.00' />
  <meta name='ocr-capabilities' content='ocr_page ocr_carea ocr_par ocr_line ocrx_word'/>
</head>
<body>
  <div class='ocr_page' id='page_1' title='image "./chronicaregiaco00germgoog_0374.png"; bbox 0 0 3052 4984; ppageno 0'>
   <div class='ocr_carea' id='block_1_1' title="bbox 274 347 1281 404">
    <p class='ocr_par' dir='ltr' id='par_1_1' title="bbox 274 347 1281 404">
     <span class='ocr_line' id='line_1_1' title="bbox 274 347 1281 404; baseline -0.005 -1"><span class='ocrx_word' id='word_1_1' title='bbox 274 354 329 404; x_wconf 82' lang='lat'><strong>344</strong></span> <span class='ocrx_word' id='word_1_2' title='bbox 393 353 443 403; x_wconf 86' lang='lat' dir='ltr'><strong>EX</strong></span> <span class='ocrx_word' id='word_1_3' title='bbox 461 351 556 403; x_wconf 85' lang='lat' dir='ltr'><strong>HIST.</strong></span> <span class='ocrx_word' id='word_1_4' title='bbox 576 350 859 403; x_wconf 79' lang='lat' dir='ltr'>EXPEDITIONUM</span> <span class='ocrx_word' id='word_1_5' title='bbox 878 351 917 401; x_wconf 88' lang='lat' dir='ltr'><strong>IN</strong></span> <span class='ocrx_word' id='word_1_6' title='bbox 937 349 1085 402; x_wconf 73' lang='lat' dir='ltr'><strong>TERRAM</strong></span> <span class='ocrx_word' id='word_1_7' title='bbox 1105 347 1281 400; x_wconf 75' lang='lat' dir='ltr'>SANOTAM.</span> 
     </span>
    </p>
   </div>
   <div class='ocr_carea' id='block_1_2' title="bbox 166 513 1398 3291">
    <p class='ocr_par' dir='ltr' id='par_1_2' title="bbox 196 513 1398 1191">
     <span class='ocr_line' id='line_1_2' title="bbox 196 513 1398 603; baseline 0.001 -25"><span class='ocrx_word' id='word_1_8' title='bbox 196 539 266 579; x_wconf 79' lang='lat' dir='ltr'><strong>iau.</strong></span> <span class='ocrx_word' id='word_1_9' title='bbox 277 517 425 584; x_wconf 84' lang='lat' dir='ltr'><strong>Salvator</strong></span> <span class='ocrx_word' id='word_1_10' title='bbox 452 525 658 582; x_wconf 87' lang='lat' dir='ltr'><strong>conversatus</strong></span> <span class='ocrx_word' id='word_1_11' title='bbox 686 526 734 581; x_wconf 89' lang='lat' dir='ltr'><strong>cst</strong></span> <span class='ocrx_word' id='word_1_12' title='bbox 760 517 999 603; x_wconf 79' lang='lat' dir='ltr'>conspeximus,</span> <span class='ocrx_word' id='word_1_13' title='bbox 1029 527 1060 582; x_wconf 92' lang='lat' dir='ltr'><strong>et</strong></span> <span class='ocrx_word' id='word_1_14' title='bbox 1086 538 1144 601; x_wconf 89' lang='lat' dir='ltr'><strong>per</strong></span> <span class='ocrx_word' id='word_1_15' title='bbox 1166 513 1398 599; x_wconf 76' lang='lat' dir='ltr'><strong>capharnaum</strong></span> 
     </span>
     <span class='ocr_line' id='line_1_3' title="bbox 275 599 1397 685; baseline -0.002 -19"><span class='ocrx_word' id='word_1_16' title='bbox 275 603 419 667; x_wconf 88' lang='lat' dir='ltr'><strong>infirmos</strong></span> <span class='ocrx_word' id='word_1_17' title='bbox 447 610 572 666; x_wconf 91' lang='lat' dir='ltr'><strong>nostros</strong></span> <span class='ocrx_word' id='word_1_18' title='bbox 600 609 773 685; x_wconf 87' lang='lat' dir='ltr'><strong>portantes,</strong></span> <span class='ocrx_word' id='word_1_19' title='bbox 806 601 906 664; x_wconf 77' lang='lat' dir='ltr'><strong>nostri</strong></span> <span class='ocrx_word' id='word_1_20' title='bbox 932 599 1043 664; x_wconf 86' lang='lat' dir='ltr'><strong>Accon</strong></span> <span class='ocrx_word' id='word_1_21' title='bbox 1070 601 1191 665; x_wconf 89' lang='lat' dir='ltr'><strong>reversi</strong></span> <span class='ocrx_word' id='word_1_22' title='bbox 1218 609 1291 666; x_wconf 88' lang='lat' dir='ltr'><strong>sunt</strong></span> <span class='ocrx_word' id='word_1_23' title='bbox 1318 622 1397 664; x_wconf 89' lang='lat' dir='ltr'><strong>cum</strong></span> 
     </span>
     <span class='ocr_line' id='line_1_4' title="bbox 276 684 1396 770; baseline -0.001 -21"><span class='ocrx_word' id='word_1_24' title='bbox 276 685 479 752; x_wconf 88' lang='lat' dir='ltr'><strong>multitudine</strong></span> <span class='ocrx_word' id='word_1_25' title='bbox 502 688 703 770; x_wconf 88' lang='lat' dir='ltr'><strong>captivorum</strong></span> <span class='ocrx_word' id='word_1_26' title='bbox 726 693 757 749; x_wconf 88' lang='lat' dir='ltr'><strong>et</strong></span> <span class='ocrx_word' id='word_1_27' title='bbox 783 684 884 770; x_wconf 91' lang='lat' dir='ltr'><strong>preda</strong></span> <span class='ocrx_word' id='word_1_28' title='bbox 909 705 1035 770; x_wconf 85' lang='lat' dir='ltr'><strong>magna.</strong></span> <span class='ocrx_word' id='word_1_29' title='bbox 1079 684 1263 770; x_wconf 80' lang='lat' dir='ltr'>Episcopus</span> <span class='ocrx_word' id='word_1_30' title='bbox 1285 692 1396 748; x_wconf 84' lang='lat' dir='ltr'><strong>autem</strong></span> 
     </span>
     <span class='ocr_line' id='line_1_5' title="bbox 275 767 1396 855; baseline -0.002 -21"><span class='ocrx_word' id='word_1_31' title='bbox 275 771 482 851; x_wconf 85' lang='lat' dir='ltr'><strong>Acconensis,</strong></span> <span class='ocrx_word' id='word_1_32' title='bbox 516 769 698 855; x_wconf 81' lang='lat' dir='ltr'><strong>predicator</strong></span> <span class='ocrx_word' id='word_1_33' title='bbox 728 767 941 848; x_wconf 89' lang='lat' dir='ltr'><strong>dulcissimus,</strong></span> <span class='ocrx_word' id='word_1_34' title='bbox 998 769 1125 832; x_wconf 90' lang='lat' dir='ltr'><strong>arvulos</strong></span> <span class='ocrx_word' id='word_1_35' title='bbox 1158 789 1277 849; x_wconf 89' lang='lat' dir='ltr'><strong>omnes,</strong></span> <span class='ocrx_word' id='word_1_36' title='bbox 1312 790 1396 853; x_wconf 91' lang='lat' dir='ltr'><strong>quos</strong></span> 
     </span>
     <span class='ocr_line' id='line_1_6' title="bbox 275 791 1396 939; baseline -0.003 -21"><span class='ocrx_word' id='word_1_37' title='bbox 275 853 327 919; x_wconf 89' lang='lat' dir='ltr'><strong>vel</strong></span> <span class='ocrx_word' id='word_1_38' title='bbox 347 875 443 938; x_wconf 90' lang='lat' dir='ltr'><strong>prece</strong></span> <span class='ocrx_word' id='word_1_39' title='bbox 465 851 515 917; x_wconf 91' lang='lat' dir='ltr'><strong>vel</strong></span> <span class='ocrx_word' id='word_1_40' title='bbox 538 853 646 939; x_wconf 90' lang='lat' dir='ltr'><strong>precio</strong></span> <span class='ocrx_word' id='word_1_41' title='bbox 670 852 815 917; x_wconf 89' lang='lat' dir='ltr'><strong>obtinere</strong></span> <span class='ocrx_word' id='word_1_42' title='bbox 832 853 947 939; x_wconf 90' lang='lat' dir='ltr'><strong>potuit,</strong></span> <span class='ocrx_word' id='word_1_43' title='bbox 970 791 1146 938; x_wconf 66' lang='lat' dir='ltr'><strong>baptizavit</strong></span> <span class='ocrx_word' id='word_1_44' title='bbox 1168 861 1199 916; x_wconf 89' lang='lat' dir='ltr'><strong>et</strong></span> <span class='ocrx_word' id='word_1_45' title='bbox 1219 852 1301 915; x_wconf 90' lang='lat' dir='ltr'><strong>inter</strong></span> <span class='ocrx_word' id='word_1_46' title='bbox 1322 851 1396 918; x_wconf 90' lang='lat' dir='ltr'><strong>reli-</strong></span> 
     </span>
     <span class='ocr_line' id='line_1_7' title="bbox 276 935 760 1023; baseline -0.002 -22"><span class='ocrx_word' id='word_1_47' title='bbox 276 938 385 1023; x_wconf 88' lang='lat' dir='ltr'><strong>giosos</strong></span> <span class='ocrx_word' id='word_1_48' title='bbox 407 935 570 1023; x_wconf 86' lang='lat' dir='ltr'><strong>applicare</strong></span> <span class='ocrx_word' id='word_1_49' title='bbox 592 936 760 1022; x_wconf 87' lang='lat' dir='ltr'><strong>disposuit.</strong></span> 
     </span>
     <span class='ocr_line' id='line_1_8' title="bbox 279 1019 1396 1105; baseline -0.001 -20"><span class='ocrx_word' id='word_1_50' title='bbox 279 1059 280 1064; x_wconf 20' lang='grc' dir='ltr'><strong>κ</strong></span> <span class='ocrx_word' id='word_1_51' title='bbox 358 1022 398 1085; x_wconf 93' lang='lat' dir='ltr'><strong>In</strong></span> <span class='ocrx_word' id='word_1_52' title='bbox 424 1021 565 1086; x_wconf 87' lang='lat' dir='ltr'><strong>secundo</strong></span> <span class='ocrx_word' id='word_1_53' title='bbox 595 1021 738 1105; x_wconf 87' lang='lat' dir='ltr'><strong>equitatu</strong></span> <span class='ocrx_word' id='word_1_54' title='bbox 765 1028 897 1085; x_wconf 90' lang='lat' dir='ltr'><strong>ventum</strong></span> <span class='ocrx_word' id='word_1_55' title='bbox 925 1029 973 1085; x_wconf 90' lang='lat' dir='ltr'><strong>est</strong></span> <span class='ocrx_word' id='word_1_56' title='bbox 1007 1020 1050 1084; x_wconf 88' lang='lat' dir='ltr'><strong>ad</strong></span> <span class='ocrx_word' id='word_1_57' title='bbox 1084 1031 1224 1086; x_wconf 91' lang='lat' dir='ltr'><strong>montem</strong></span> <span class='ocrx_word' id='word_1_58' title='bbox 1252 1019 1396 1104; x_wconf 79' lang='lat' dir='ltr'><strong>Thabor,</strong></span> 
     </span>
     <span class='ocr_line' id='line_1_9' title="bbox 275 1103 1395 1191; baseline 0.001 -24"><span class='ocrx_word' id='word_1_59' title='bbox 275 1104 332 1168; x_wconf 92' lang='lat' dir='ltr'><strong>ubi</strong></span> <span class='ocrx_word' id='word_1_60' title='bbox 360 1103 561 1191; x_wconf 87' lang='lat' dir='ltr'><strong>impuberem</strong></span> <span class='ocrx_word' id='word_1_61' title='bbox 589 1103 801 1170; x_wconf 83' lang='lat' dir='ltr'><strong>Sarracenum</strong></span> <span class='ocrx_word' id='word_1_62' title='bbox 831 1126 908 1168; x_wconf 88' lang='lat' dir='ltr'><strong>vera</strong></span> <span class='ocrx_word' id='word_1_63' title='bbox 933 1103 1027 1169; x_wconf 90' lang='lat' dir='ltr'><strong>nobis</strong></span> <span class='ocrx_word' id='word_1_64' title='bbox 1054 1105 1260 1170; x_wconf 91' lang='lat' dir='ltr'><strong>nunciantem</strong></span> <span class='ocrx_word' id='word_1_65' title='bbox 1289 1126 1395 1169; x_wconf 87' lang='lat' dir='ltr'><strong>sacer·</strong></span> 
     </span>
    </p>

    <p class='ocr_par' dir='ltr' id='par_1_3' title="bbox 184 1188 1396 1862">
     <span class='ocr_line' id='line_1_10' title="bbox 184 1188 1396 1276; baseline 0.002 -24"><span class='ocrx_word' id='word_1_66' title='bbox 184 1213 235 1254; x_wconf 74' lang='lat' dir='ltr'><strong>na.</strong></span> <span class='ocrx_word' id='word_1_67' title='bbox 245 1213 265 1254; x_wconf 86' lang='lat' dir='ltr'><strong>e.</strong></span> <span class='ocrx_word' id='word_1_68' title='bbox 277 1188 367 1253; x_wconf 90' lang='lat' dir='ltr'><strong>dotes</strong></span> <span class='ocrx_word' id='word_1_69' title='bbox 389 1188 605 1274; x_wconf 80' lang='lat' dir='ltr'><strong>baptizabant.</strong></span> <span class='ocrx_word' id='word_1_70' title='bbox 647 1188 821 1253; x_wconf 90' lang='lat' dir='ltr'><strong>Dominica</strong></span> <span class='ocrx_word' id='word_1_71' title='bbox 841 1210 917 1254; x_wconf 89' lang='lat' dir='ltr'><strong>vero</strong></span> <span class='ocrx_word' id='word_1_72' title='bbox 947 1188 1103 1254; x_wconf 88' lang='lat' dir='ltr'><strong>adventus</strong></span> <span class='ocrx_word' id='word_1_73' title='bbox 1124 1189 1259 1253; x_wconf 90' lang='lat' dir='ltr'><strong>Domini</strong></span> <span class='ocrx_word' id='word_1_74' title='bbox 1287 1189 1396 1276; x_wconf 89' lang='lat' dir='ltr'><strong>prima</strong></span> 
     </span>
     <span class='ocr_line' id='line_1_11' title="bbox 274 1271 1394 1359; baseline -0.002 -21"><span class='ocrx_word' id='word_1_75' title='bbox 274 1274 436 1358; x_wconf 82' lang='lat' dir='ltr'><strong>peregrini</strong></span> <span class='ocrx_word' id='word_1_76' title='bbox 457 1272 499 1337; x_wconf 89' lang='lat' dir='ltr'><strong>ad</strong></span> <span class='ocrx_word' id='word_1_77' title='bbox 521 1272 665 1337; x_wconf 89' lang='lat' dir='ltr'><strong>laborem</strong></span> <span class='ocrx_word' id='word_1_78' title='bbox 688 1282 762 1337; x_wconf 93' lang='lat' dir='ltr'><strong>sunt</strong></span> <span class='ocrx_word' id='word_1_79' title='bbox 783 1273 921 1354; x_wconf 88' lang='lat' dir='ltr'><strong>invitati,</strong></span> <span class='ocrx_word' id='word_1_80' title='bbox 938 1282 975 1337; x_wconf 78' lang='lat' dir='ltr'><strong>&#39;et</strong></span> <span class='ocrx_word' id='word_1_81' title='bbox 996 1273 1029 1335; x_wconf 92' lang='lat' dir='ltr'><strong>in</strong></span> <span class='ocrx_word' id='word_1_82' title='bbox 1044 1274 1149 1359; x_wconf 90' lang='lat' dir='ltr'><strong>primo</strong></span> <span class='ocrx_word' id='word_1_83' title='bbox 1171 1271 1292 1338; x_wconf 89' lang='lat' dir='ltr'><strong>insultu</strong></span> <span class='ocrx_word' id='word_1_84' title='bbox 1314 1283 1394 1337; x_wconf 87' lang='lat' dir='ltr'><strong>stra·</strong></span> 
     </span>
     <span class='ocr_line' id='line_1_12' title="bbox 273 1355 1395 1422; baseline 0 -2"><span class='ocrx_word' id='word_1_85' title='bbox 273 1366 390 1420; x_wconf 88' lang='lat' dir='ltr'><strong>verunt</strong></span> <span class='ocrx_word' id='word_1_86' title='bbox 412 1355 617 1420; x_wconf 89' lang='lat' dir='ltr'><strong>castellanum</strong></span> <span class='ocrx_word' id='word_1_87' title='bbox 646 1356 892 1421; x_wconf 81' lang='lat' dir='ltr'><strong>descendentem</strong></span> <span class='ocrx_word' id='word_1_88' title='bbox 920 1366 952 1421; x_wconf 90' lang='lat' dir='ltr'><strong>et</strong></span> <span class='ocrx_word' id='word_1_89' title='bbox 973 1355 1162 1422; x_wconf 90' lang='lat' dir='ltr'><strong>amiraldum</strong></span> <span class='ocrx_word' id='word_1_90' title='bbox 1189 1378 1290 1420; x_wconf 91' lang='lat' dir='ltr'><strong>unum</strong></span> <span class='ocrx_word' id='word_1_91' title='bbox 1318 1379 1395 1421; x_wconf 92' lang='lat' dir='ltr'><strong>cum</strong></span> 
     </span>
     <span class='ocr_line' id='line_1_13' title="bbox 276 1438 1394 1527; baseline 0.001 -24"><span class='ocrx_word' id='word_1_92' title='bbox 276 1441 372 1504; x_wconf 90' lang='lat' dir='ltr'><strong>sociis</strong></span> <span class='ocrx_word' id='word_1_93' title='bbox 395 1443 460 1504; x_wconf 90' lang='lat' dir='ltr'><strong>suis</strong></span> <span class='ocrx_word' id='word_1_94' title='bbox 469 1451 491 1505; x_wconf 54' lang='grc' dir='ltr'><strong>ἃ.</strong></span> <span class='ocrx_word' id='word_1_95' title='bbox 536 1439 602 1506; x_wconf 85' lang='lat' dir='ltr'><strong>Sed</strong></span> <span class='ocrx_word' id='word_1_96' title='bbox 623 1463 689 1504; x_wconf 92' lang='lat' dir='ltr'><strong>non</strong></span> <span class='ocrx_word' id='word_1_97' title='bbox 717 1439 852 1504; x_wconf 92' lang='lat' dir='ltr'><strong>multum</strong></span> <span class='ocrx_word' id='word_1_98' title='bbox 881 1438 928 1503; x_wconf 93' lang='lat' dir='ltr'><strong>ibi</strong></span> <span class='ocrx_word' id='word_1_99' title='bbox 952 1450 1123 1522; x_wconf 91' lang='lat' dir='ltr'><strong>morantes,</strong></span> <span class='ocrx_word' id='word_1_100' title='bbox 1154 1440 1195 1506; x_wconf 89' lang='lat' dir='ltr'><strong>ab</strong></span> <span class='ocrx_word' id='word_1_101' title='bbox 1225 1441 1394 1527; x_wconf 84' lang='lat' dir='ltr'><strong>impugna·</strong></span> 
     </span>
     <span class='ocr_line' id='line_1_14' title="bbox 274 1524 1394 1610; baseline 0.001 -22"><span class='ocrx_word' id='word_1_102' title='bbox 274 1525 361 1589; x_wconf 89' lang='lat' dir='ltr'><strong>tione</strong></span> <span class='ocrx_word' id='word_1_103' title='bbox 384 1524 480 1589; x_wconf 86' lang='lat' dir='ltr'><strong>castri</strong></span> <span class='ocrx_word' id='word_1_104' title='bbox 506 1535 715 1604; x_wconf 87' lang='lat' dir='ltr'><strong>recesserunt,</strong></span> <span class='ocrx_word' id='word_1_105' title='bbox 748 1524 925 1588; x_wconf 87' lang='lat' dir='ltr'><strong>aversionis</strong></span> <span class='ocrx_word' id='word_1_106' title='bbox 948 1547 1005 1588; x_wconf 90' lang='lat' dir='ltr'><strong>sue</strong></span> <span class='ocrx_word' id='word_1_107' title='bbox 1035 1545 1163 1589; x_wconf 87' lang='lat' dir='ltr'><strong>causam</strong></span> <span class='ocrx_word' id='word_1_108' title='bbox 1191 1526 1394 1610; x_wconf 80' lang='lat' dir='ltr'><strong>ignorantes3</strong></span> 
     </span>
     <span class='ocr_line' id='line_1_15' title="bbox 276 1603 1394 1690; baseline 0.001 -19"><span class='ocrx_word' id='word_1_109' title='bbox 276 1607 333 1672; x_wconf 90' lang='lat' dir='ltr'><strong>sed-</strong></span> <span class='ocrx_word' id='word_1_110' title='bbox 362 1603 566 1690; x_wconf 88' lang='lat' dir='ltr'><strong>credendum,</strong></span> <span class='ocrx_word' id='word_1_111' title='bbox 594 1609 702 1672; x_wconf 91' lang='lat' dir='ltr'><strong>Deum</strong></span> <span class='ocrx_word' id='word_1_112' title='bbox 732 1608 795 1673; x_wconf 91' lang='lat' dir='ltr'><strong>sibi</strong></span> <span class='ocrx_word' id='word_1_113' title='bbox 823 1607 883 1672; x_wconf 90' lang='lat' dir='ltr'><strong>soli</strong></span> <span class='ocrx_word' id='word_1_114' title='bbox 936 1607 1049 1674; x_wconf 91' lang='lat' dir='ltr'><strong>loriam</strong></span> <span class='ocrx_word' id='word_1_115' title='bbox 1076 1631 1264 1674; x_wconf 81' lang='lat' dir='ltr'><strong>reservasse.</strong></span> <span class='ocrx_word' id='word_1_116' title='bbox 1308 1609 1394 1673; x_wconf 88' lang='lat' dir='ltr'><strong>Nam</strong></span> 
     </span>
     <span class='ocr_line' id='line_1_16' title="bbox 274 1691 1395 1779; baseline 0.004 -25"><span class='ocrx_word' id='word_1_117' title='bbox 274 1693 337 1776; x_wconf 91' lang='lat' dir='ltr'><strong>ipsi</strong></span> <span class='ocrx_word' id='word_1_118' title='bbox 358 1703 470 1777; x_wconf 89' lang='lat' dir='ltr'><strong>postea</strong></span> <span class='ocrx_word' id='word_1_119' title='bbox 493 1691 663 1757; x_wconf 81' lang='lat' dir='ltr'><strong>Sarraceni</strong></span> <span class='ocrx_word' id='word_1_120' title='bbox 685 1702 823 1757; x_wconf 87' lang='lat' dir='ltr'><strong>castrum</strong></span> <span class='ocrx_word' id='word_1_121' title='bbox 846 1715 902 1778; x_wconf 89' lang='lat' dir='ltr'><strong>pre</strong></span> <span class='ocrx_word' id='word_1_122' title='bbox 927 1695 1027 1758; x_wconf 91' lang='lat' dir='ltr'><strong>ictum</strong></span> <span class='ocrx_word' id='word_1_123' title='bbox 1047 1693 1297 1758; x_wconf 89' lang='lat' dir='ltr'><strong>famosissimum</strong></span> <span class='ocrx_word' id='word_1_124' title='bbox 1319 1715 1395 1779; x_wconf 92' lang='lat' dir='ltr'><strong>pro-</strong></span> 
     </span>
     <span class='ocr_line' id='line_1_17' title="bbox 274 1776 1291 1862; baseline 0.002 -23"><span class='ocrx_word' id='word_1_125' title='bbox 274 1776 353 1862; x_wconf 90' lang='lat' dir='ltr'><strong>priis</strong></span> <span class='ocrx_word' id='word_1_126' title='bbox 375 1776 523 1841; x_wconf 90' lang='lat' dir='ltr'><strong>manibus</strong></span> <span class='ocrx_word' id='word_1_127' title='bbox 546 1776 761 1842; x_wconf 87' lang='lat' dir='ltr'><strong>devastarunt.</strong></span> <span class='ocrx_word' id='word_1_128' title='bbox 1287 1781 1291 1790; x_wconf 88' lang='lat'>&#39;</span> 
     </span>
    </p>

    <p class='ocr_par' dir='ltr' id='par_1_4' title="bbox 276 1859 1396 2030">
     <span class='ocr_line' id='line_1_18' title="bbox 358 1859 1394 1947; baseline 0.002 -24"><span class='ocrx_word' id='word_1_129' title='bbox 358 1860 398 1923; x_wconf 91' lang='lat' dir='ltr'><strong>In</strong></span> <span class='ocrx_word' id='word_1_130' title='bbox 418 1861 519 1924; x_wconf 89' lang='lat' dir='ltr'><strong>tercio</strong></span> <span class='ocrx_word' id='word_1_131' title='bbox 542 1861 696 1947; x_wconf 87' lang='lat' dir='ltr'><strong>equitatu,</strong></span> <span class='ocrx_word' id='word_1_132' title='bbox 720 1862 792 1924; x_wconf 86' lang='lat' dir='ltr'><strong>cuib</strong></span> <span class='ocrx_word' id='word_1_133' title='bbox 815 1859 997 1945; x_wconf 89' lang='lat' dir='ltr'><strong>patriarcha</strong></span> <span class='ocrx_word' id='word_1_134' title='bbox 1019 1870 1050 1925; x_wconf 89' lang='lat' dir='ltr'><strong>ct</strong></span> <span class='ocrx_word' id='word_1_135' title='bbox 1065 1862 1183 1924; x_wconf 86' lang='lat' dir='ltr'><strong>sacris</strong></span> <span class='ocrx_word' id='word_1_136' title='bbox 1208 1861 1312 1946; x_wconf 89' lang='lat' dir='ltr'><strong>iscopi</strong></span> <span class='ocrx_word' id='word_1_137' title='bbox 1326 1883 1394 1926; x_wconf 90' lang='lat' dir='ltr'><strong>non</strong></span> 
     </span>
     <span class='ocr_line' id='line_1_19' title="bbox 276 1884 1396 2030; baseline 0.003 -25"><span class='ocrx_word' id='word_1_138' title='bbox 276 1943 501 2025; x_wconf 88' lang='lat' dir='ltr'><strong>interfuerunt,</strong></span> <span class='ocrx_word' id='word_1_139' title='bbox 524 1946 682 2010; x_wconf 84' lang='lat' dir='ltr'><strong>exercitus</strong></span> <span class='ocrx_word' id='word_1_140' title='bbox 698 1946 832 2010; x_wconf 88' lang='lat' dir='ltr'><strong>Domini</strong></span> <span class='ocrx_word' id='word_1_141' title='bbox 857 1945 937 2009; x_wconf 88' lang='lat' dir='ltr'><strong>fines</strong></span> <span class='ocrx_word' id='word_1_142' title='bbox 959 1944 1061 2030; x_wconf 85' lang='lat' dir='ltr'><strong>Thyri</strong></span> <span class='ocrx_word' id='word_1_143' title='bbox 1087 1954 1119 2008; x_wconf 93' lang='lat' dir='ltr'><strong>et</strong></span> <span class='ocrx_word' id='word_1_144' title='bbox 1138 1884 1279 2030; x_wconf 77' lang='lat' dir='ltr'><strong>Sydonis</strong></span> <span class='ocrx_word' id='word_1_145' title='bbox 1301 1947 1396 2018; x_wconf 86' lang='lat' dir='ltr'><strong>iuxta</strong></span> 
     </span>
    </p>

    <p class='ocr_par' dir='ltr' id='par_1_5' title="bbox 166 2026 1394 2364">
     <span class='ocr_line' id='line_1_20' title="bbox 166 2026 1392 2114; baseline 0.003 -26"><span class='ocrx_word' id='word_1_146' title='bbox 166 2026 444 2114; x_wconf 62' lang='lat' dir='ltr'><strong>mansareptam</strong></span> <span class='ocrx_word' id='word_1_147' title='bbox 467 2028 576 2092; x_wconf 86' lang='lat' dir='ltr'><strong>adivit.</strong></span> <span class='ocrx_word' id='word_1_148' title='bbox 604 2030 659 2093; x_wconf 89' lang='lat' dir='ltr'><strong>&#39;In</strong></span> <span class='ocrx_word' id='word_1_149' title='bbox 681 2029 793 2114; x_wconf 84' lang='lat' dir='ltr'><strong>vigilia</strong></span> <span class='ocrx_word' id='word_1_150' title='bbox 814 2028 927 2093; x_wconf 87' lang='lat' dir='ltr'><strong>natalis</strong></span> <span class='ocrx_word' id='word_1_151' title='bbox 950 2038 982 2094; x_wconf 90' lang='lat' dir='ltr'><strong>et</strong></span> <span class='ocrx_word' id='word_1_152' title='bbox 1003 2031 1150 2114; x_wconf 89' lang='lat' dir='ltr'><strong>sequenti</strong></span> <span class='ocrx_word' id='word_1_153' title='bbox 1170 2039 1264 2095; x_wconf 88' lang='lat' dir='ltr'><strong>nocte</strong></span> <span class='ocrx_word' id='word_1_154' title='bbox 1286 2030 1392 2093; x_wconf 84' lang='lat' dir='ltr'><strong>maxi-</strong></span> 
     </span>
     <span class='ocr_line' id='line_1_21' title="bbox 275 2113 1394 2198; baseline 0.004 -24"><span class='ocrx_word' id='word_1_155' title='bbox 275 2133 361 2175; x_wconf 90' lang='lat' dir='ltr'><strong>mam</strong></span> <span class='ocrx_word' id='word_1_156' title='bbox 384 2122 606 2198; x_wconf 85' lang='lat' dir='ltr'><strong>tempestatem</strong></span> <span class='ocrx_word' id='word_1_157' title='bbox 628 2135 742 2198; x_wconf 90' lang='lat' dir='ltr'><strong>passus</strong></span> <span class='ocrx_word' id='word_1_158' title='bbox 770 2123 817 2178; x_wconf 89' lang='lat' dir='ltr'><strong>est</strong></span> <span class='ocrx_word' id='word_1_159' title='bbox 839 2123 871 2177; x_wconf 91' lang='lat' dir='ltr'><strong>et</strong></span> <span class='ocrx_word' id='word_1_160' title='bbox 894 2115 1037 2176; x_wconf 90' lang='lat' dir='ltr'><strong>omnium</strong></span> <span class='ocrx_word' id='word_1_161' title='bbox 1059 2113 1125 2178; x_wconf 88' lang='lat' dir='ltr'><strong>fere</strong></span> <span class='ocrx_word' id='word_1_162' title='bbox 1139 2115 1394 2179; x_wconf 88' lang='lat' dir='ltr'><strong>necessariorum</strong></span> 
     </span>
     <span class='ocr_line' id='line_1_22' title="bbox 274 2197 1393 2284; baseline 0.002 -24"><span class='ocrx_word' id='word_1_163' title='bbox 274 2197 459 2280; x_wconf 83' lang='lat' dir='ltr'><strong>penuriam3</strong></span> <span class='ocrx_word' id='word_1_164' title='bbox 483 2219 544 2282; x_wconf 91' lang='lat' dir='ltr'><strong>que</strong></span> <span class='ocrx_word' id='word_1_165' title='bbox 567 2197 628 2260; x_wconf 91' lang='lat' dir='ltr'><strong>nisi</strong></span> <span class='ocrx_word' id='word_1_166' title='bbox 650 2197 837 2264; x_wconf 88' lang='lat' dir='ltr'><strong>abbreviata</strong></span> <span class='ocrx_word' id='word_1_167' title='bbox 850 2197 973 2280; x_wconf 88' lang='lat' dir='ltr'><strong>fuisset,</strong></span> <span class='ocrx_word' id='word_1_168' title='bbox 997 2197 1109 2262; x_wconf 90' lang='lat' dir='ltr'><strong>hiemis</strong></span> <span class='ocrx_word' id='word_1_169' title='bbox 1125 2199 1279 2283; x_wconf 83' lang='lat' dir='ltr'><strong>asperitas</strong></span> <span class='ocrx_word' id='word_1_170' title='bbox 1296 2219 1393 2284; x_wconf 88' lang='lat' dir='ltr'><strong>quam</strong></span> 
     </span>
     <span class='ocr_line' id='line_1_23' title="bbox 273 2277 650 2364; baseline 0.008 -21"><span class='ocrx_word' id='word_1_171' title='bbox 273 2277 428 2364; x_wconf 89' lang='lat' dir='ltr'><strong>plurimos</strong></span> <span class='ocrx_word' id='word_1_172' title='bbox 451 2283 650 2346; x_wconf 84' lang='lat' dir='ltr'><strong>extinxisset.</strong></span> 
     </span>
    </p>

    <p class='ocr_par' dir='ltr' id='par_1_6' title="bbox 272 2363 1394 3291">
     <span class='ocr_line' id='line_1_24' title="bbox 357 2363 1393 2451; baseline 0.001 -23"><span class='ocrx_word' id='word_1_173' title='bbox 357 2365 435 2430; x_wconf 90' lang='lat' dir='ltr'><strong>Post</strong></span> <span class='ocrx_word' id='word_1_174' title='bbox 463 2363 523 2429; x_wconf 88' lang='lat' dir='ltr'><strong>bec</strong></span> <span class='ocrx_word' id='word_1_175' title='bbox 550 2364 670 2429; x_wconf 88' lang='lat' dir='ltr'><strong>milicia</strong></span> <span class='ocrx_word' id='word_1_176' title='bbox 699 2365 893 2451; x_wconf 88' lang='lat' dir='ltr'><strong>quadrifarie</strong></span> <span class='ocrx_word' id='word_1_177' title='bbox 920 2365 1033 2447; x_wconf 86' lang='lat' dir='ltr'><strong>divisa,</strong></span> <span class='ocrx_word' id='word_1_178' title='bbox 1067 2389 1126 2430; x_wconf 86' lang='lat' dir='ltr'><strong>rex</strong></span> <span class='ocrx_word' id='word_1_179' title='bbox 1150 2365 1303 2450; x_wconf 84' lang='lat' dir='ltr'><strong>Ungarie,</strong></span> <span class='ocrx_word' id='word_1_180' title='bbox 1332 2387 1393 2429; x_wconf 86' lang='lat' dir='ltr'><strong>rex</strong></span> 
     </span>
     <span class='ocr_line' id='line_1_25' title="bbox 275 2445 1393 2546; baseline 0.001 -34"><span class='ocrx_word' id='word_1_181' title='bbox 275 2445 378 2534; x_wconf 82' lang='lat' dir='ltr'><strong>Cypri</strong></span> <span class='ocrx_word' id='word_1_182' title='bbox 399 2471 419 2512; x_wconf 89' lang='lat' dir='ltr'><strong>a</strong></span> <span class='ocrx_word' id='word_1_183' title='bbox 440 2448 623 2546; x_wconf 87' lang='lat' dir='ltr'><strong>patriarcha</strong></span> <span class='ocrx_word' id='word_1_184' title='bbox 644 2459 675 2514; x_wconf 91' lang='lat' dir='ltr'><strong>et</strong></span> <span class='ocrx_word' id='word_1_185' title='bbox 696 2449 916 2531; x_wconf 87' lang='lat' dir='ltr'><strong>nobilioribus,</strong></span> <span class='ocrx_word' id='word_1_186' title='bbox 946 2448 1021 2514; x_wconf 88' lang='lat' dir='ltr'><strong>licet</strong></span> <span class='ocrx_word' id='word_1_187' title='bbox 1041 2450 1169 2530; x_wconf 85' lang='lat' dir='ltr'><strong>frustra,</strong></span> <span class='ocrx_word' id='word_1_188' title='bbox 1199 2450 1238 2513; x_wconf 90' lang='lat' dir='ltr'><strong>ad</strong></span> <span class='ocrx_word' id='word_1_189' title='bbox 1261 2471 1393 2514; x_wconf 90' lang='lat' dir='ltr'><strong>manen·</strong></span> 
     </span>
     <span class='ocr_line' id='line_1_26' title="bbox 275 2530 1393 2620; baseline 0.003 -26"><span class='ocrx_word' id='word_1_190' title='bbox 275 2530 352 2594; x_wconf 91' lang='lat' dir='ltr'><strong>dum</strong></span> <span class='ocrx_word' id='word_1_191' title='bbox 387 2533 528 2616; x_wconf 81' lang='lat' dir='ltr'><strong>invitati,</strong></span> <span class='ocrx_word' id='word_1_192' title='bbox 563 2553 636 2596; x_wconf 95' lang='lat' dir='ltr'><strong>cum</strong></span> <span class='ocrx_word' id='word_1_193' title='bbox 669 2556 787 2618; x_wconf 84' lang='lat' dir='ltr'><strong>magna</strong></span> <span class='ocrx_word' id='word_1_194' title='bbox 815 2544 905 2620; x_wconf 85' lang='lat' dir='ltr'><strong>parte</strong></span> <span class='ocrx_word' id='word_1_195' title='bbox 935 2534 1094 2598; x_wconf 86' lang='lat' dir='ltr'><strong>exercitus</strong></span> <span class='ocrx_word' id='word_1_196' title='bbox 1124 2533 1281 2619; x_wconf 85' lang='lat' dir='ltr'><strong>Tripolim</strong></span> <span class='ocrx_word' id='word_1_197' title='bbox 1316 2542 1393 2598; x_wconf 90' lang='lat' dir='ltr'><strong>sunt</strong></span> 
     </span>
     <span class='ocr_line' id='line_1_27' title="bbox 273 2616 1393 2704; baseline 0.003 -27"><span class='ocrx_word' id='word_1_198' title='bbox 273 2616 417 2700; x_wconf 90' lang='lat' dir='ltr'><strong>profecti,</strong></span> <span class='ocrx_word' id='word_1_199' title='bbox 451 2616 506 2680; x_wconf 93' lang='lat' dir='ltr'><strong>ubi</strong></span> <span class='ocrx_word' id='word_1_200' title='bbox 538 2618 665 2680; x_wconf 88' lang='lat' dir='ltr'><strong>modico</strong></span> <span class='ocrx_word' id='word_1_201' title='bbox 699 2627 772 2702; x_wconf 90' lang='lat' dir='ltr'><strong>post</strong></span> <span class='ocrx_word' id='word_1_202' title='bbox 803 2627 947 2703; x_wconf 86' lang='lat' dir='ltr'><strong>tempore</strong></span> <span class='ocrx_word' id='word_1_203' title='bbox 982 2617 1082 2704; x_wconf 81' lang='lat' dir='ltr'><strong>Cyri</strong></span> <span class='ocrx_word' id='word_1_204' title='bbox 1113 2641 1172 2682; x_wconf 87' lang='lat' dir='ltr'><strong>rex</strong></span> <span class='ocrx_word' id='word_1_205' title='bbox 1204 2617 1393 2682; x_wconf 86' lang='lat' dir='ltr'><strong>adolescens</strong></span> 
     </span>
     <span class='ocr_line' id='line_1_28' title="bbox 273 2640 1392 2786; baseline 0.004 -24"><span class='ocrx_word' id='word_1_206' title='bbox 273 2710 419 2764; x_wconf 90' lang='lat' dir='ltr'><strong>mortuus</strong></span> <span class='ocrx_word' id='word_1_207' title='bbox 442 2710 500 2764; x_wconf 86' lang='lat' dir='ltr'><strong>est.</strong></span> <span class='ocrx_word' id='word_1_208' title='bbox 544 2700 619 2762; x_wconf 85' lang='lat' dir='ltr'><strong>Alia</strong></span> <span class='ocrx_word' id='word_1_209' title='bbox 641 2723 715 2784; x_wconf 91' lang='lat' dir='ltr'><strong>pars</strong></span> <span class='ocrx_word' id='word_1_210' title='bbox 738 2702 899 2767; x_wconf 88' lang='lat' dir='ltr'><strong>exercitus</strong></span> <span class='ocrx_word' id='word_1_211' title='bbox 925 2700 1000 2786; x_wconf 81' lang='lat' dir='ltr'><strong>gule</strong></span> <span class='ocrx_word' id='word_1_212' title='bbox 1028 2640 1210 2767; x_wconf 74' lang='lat' dir='ltr'><strong>deserviens</strong></span> <span class='ocrx_word' id='word_1_213' title='bbox 1237 2702 1392 2766; x_wconf 84' lang='lat' dir='ltr'><strong>remansit</strong></span> 
     </span>
     <span class='ocr_line' id='line_1_29' title="bbox 273 2783 1391 2871; baseline 0.002 -26"><span class='ocrx_word' id='word_1_214' title='bbox 273 2785 307 2846; x_wconf 90' lang='lat' dir='ltr'><strong>in</strong></span> <span class='ocrx_word' id='word_1_215' title='bbox 329 2783 473 2864; x_wconf 86' lang='lat' dir='ltr'><strong>Achone,</strong></span> <span class='ocrx_word' id='word_1_216' title='bbox 497 2792 670 2868; x_wconf 85' lang='lat' dir='ltr'><strong>expectans</strong></span> <span class='ocrx_word' id='word_1_217' title='bbox 691 2787 878 2871; x_wconf 84' lang='lat' dir='ltr'><strong>passagium</strong></span> <span class='ocrx_word' id='word_1_218' title='bbox 900 2785 1039 2852; x_wconf 89' lang='lat' dir='ltr'><strong>vernale.</strong></span> <span class='ocrx_word' id='word_1_219' title='bbox 1083 2787 1155 2850; x_wconf 84' lang='lat' dir='ltr'><strong>Rex</strong></span> <span class='ocrx_word' id='word_1_220' title='bbox 1176 2785 1391 2850; x_wconf 86' lang='lat' dir='ltr'><strong>lherosolimi-</strong></span> 
     </span>
     <span class='ocr_line' id='line_1_30' title="bbox 273 2867 1393 2956; baseline 0 -24"><span class='ocrx_word' id='word_1_221' title='bbox 273 2878 368 2932; x_wconf 88' lang='lat' dir='ltr'><strong>tanus</strong></span> <span class='ocrx_word' id='word_1_222' title='bbox 391 2877 423 2931; x_wconf 88' lang='lat' dir='ltr'><strong>et</strong></span> <span class='ocrx_word' id='word_1_223' title='bbox 444 2867 511 2930; x_wconf 86' lang='lat' dir='ltr'><strong>dux</strong></span> <span class='ocrx_word' id='word_1_224' title='bbox 533 2869 664 2933; x_wconf 82' lang='lat' dir='ltr'><strong>Austris</strong></span> <span class='ocrx_word' id='word_1_225' title='bbox 685 2871 784 2933; x_wconf 89' lang='lat' dir='ltr'><strong>vitam</strong></span> <span class='ocrx_word' id='word_1_226' title='bbox 813 2892 887 2933; x_wconf 91' lang='lat' dir='ltr'><strong>cum</strong></span> <span class='ocrx_word' id='word_1_227' title='bbox 915 2869 1010 2934; x_wconf 89' lang='lat' dir='ltr'><strong>rebus</strong></span> <span class='ocrx_word' id='word_1_228' title='bbox 1039 2893 1098 2956; x_wconf 93' lang='lat' dir='ltr'><strong>pro</strong></span> <span class='ocrx_word' id='word_1_229' title='bbox 1120 2870 1260 2934; x_wconf 90' lang='lat' dir='ltr'><strong>Domino</strong></span> <span class='ocrx_word' id='word_1_230' title='bbox 1282 2869 1393 2933; x_wconf 88' lang='lat' dir='ltr'><strong>lauda·</strong></span> 
     </span>
     <span class='ocr_line' id='line_1_31' title="bbox 273 2949 1392 3038; baseline -0.001 -22"><span class='ocrx_word' id='word_1_231' title='bbox 273 2949 378 3016; x_wconf 89' lang='lat' dir='ltr'><strong>biliter</strong></span> <span class='ocrx_word' id='word_1_232' title='bbox 407 2951 557 3034; x_wconf 87' lang='lat' dir='ltr'><strong>fundens,</strong></span> <span class='ocrx_word' id='word_1_233' title='bbox 585 2973 657 3015; x_wconf 89' lang='lat' dir='ltr'><strong>cum</strong></span> <span class='ocrx_word' id='word_1_234' title='bbox 687 2954 840 3038; x_wconf 87' lang='lat' dir='ltr'><strong>episcopo</strong></span> <span class='ocrx_word' id='word_1_235' title='bbox 869 2955 1068 3019; x_wconf 86' lang='lat' dir='ltr'><strong>Traiectensi</strong></span> <span class='ocrx_word' id='word_1_236' title='bbox 1096 2963 1128 3018; x_wconf 90' lang='lat' dir='ltr'><strong>ct</strong></span> <span class='ocrx_word' id='word_1_237' title='bbox 1148 2953 1392 3018; x_wconf 88' lang='lat' dir='ltr'><strong>Monasteriensi</strong></span> 
     </span>
     <span class='ocr_line' id='line_1_32' title="bbox 273 3033 1394 3122; baseline 0.004 -25"><span class='ocrx_word' id='word_1_238' title='bbox 273 3033 407 3120; x_wconf 89' lang='lat' dir='ltr'><strong>aliisque</strong></span> <span class='ocrx_word' id='word_1_239' title='bbox 429 3037 589 3122; x_wconf 87' lang='lat' dir='ltr'><strong>episcopis</strong></span> <span class='ocrx_word' id='word_1_240' title='bbox 604 3048 744 3101; x_wconf 88' lang='lat' dir='ltr'><strong>castrum</strong></span> <span class='ocrx_word' id='word_1_241' title='bbox 761 3038 949 3102; x_wconf 81' lang='lat' dir='ltr'><strong>Cesariensc</strong></span> <span class='ocrx_word' id='word_1_242' title='bbox 964 3037 1097 3103; x_wconf 89' lang='lat' dir='ltr'><strong>viriliter</strong></span> <span class='ocrx_word' id='word_1_243' title='bbox 1112 3037 1207 3102; x_wconf 92' lang='lat' dir='ltr'><strong>simul</strong></span> <span class='ocrx_word' id='word_1_244' title='bbox 1227 3047 1258 3102; x_wconf 87' lang='lat' dir='ltr'><strong>et</strong></span> <span class='ocrx_word' id='word_1_245' title='bbox 1272 3036 1394 3102; x_wconf 87' lang='lat' dir='ltr'><strong>utiliter</strong></span> 
     </span>
     <span class='ocr_line' id='line_1_33' title="bbox 272 3118 1390 3207; baseline 0.002 -25"><span class='ocrx_word' id='word_1_246' title='bbox 272 3118 491 3184; x_wconf 87' lang='lat' dir='ltr'><strong>firmaverunt.</strong></span> <span class='ocrx_word' id='word_1_247' title='bbox 534 3120 707 3206; x_wconf 87' lang='lat' dir='ltr'><strong>Templarii</strong></span> <span class='ocrx_word' id='word_1_248' title='bbox 723 3145 798 3187; x_wconf 91' lang='lat' dir='ltr'><strong>vero</strong></span> <span class='ocrx_word' id='word_1_249' title='bbox 815 3143 888 3185; x_wconf 89' lang='lat' dir='ltr'><strong>oum</strong></span> <span class='ocrx_word' id='word_1_250' title='bbox 904 3124 1017 3207; x_wconf 88' lang='lat' dir='ltr'><strong>paucis</strong></span> <span class='ocrx_word' id='word_1_251' title='bbox 1035 3121 1279 3187; x_wconf 86' lang='lat' dir='ltr'><strong>auxiliatoribus</strong></span> <span class='ocrx_word' id='word_1_252' title='bbox 1299 3143 1390 3206; x_wconf 90' lang='lat' dir='ltr'><strong>pere·</strong></span> 
     </span>
     <span class='ocr_line' id='line_1_34' title="bbox 272 3203 1392 3291; baseline 0.002 -25"><span class='ocrx_word' id='word_1_253' title='bbox 272 3204 372 3288; x_wconf 82' lang='lat' dir='ltr'><strong>grinis</strong></span> <span class='ocrx_word' id='word_1_254' title='bbox 394 3203 598 3288; x_wconf 77' lang='lat' dir='ltr'><strong>etflcspitali</strong></span> <span class='ocrx_word' id='word_1_255' title='bbox 620 3205 659 3269; x_wconf 91' lang='lat' dir='ltr'><strong>de</strong></span> <span class='ocrx_word' id='word_1_256' title='bbox 683 3205 778 3270; x_wconf 93' lang='lat' dir='ltr'><strong>domo</strong></span> <span class='ocrx_word' id='word_1_257' title='bbox 800 3207 1042 3291; x_wconf 81' lang='lat' dir='ltr'><strong>peregrinorum</strong></span> <span class='ocrx_word' id='word_1_258' title='bbox 1064 3216 1201 3270; x_wconf 86' lang='lat' dir='ltr'><strong>castrum</strong></span> <span class='ocrx_word' id='word_1_259' title='bbox 1225 3205 1299 3269; x_wconf 90' lang='lat' dir='ltr'><strong>Filii</strong></span> <span class='ocrx_word' id='word_1_260' title='bbox 1313 3205 1392 3286; x_wconf 89' lang='lat' dir='ltr'><strong>Dei,</strong></span> 
     </span>
    </p>
   </div>
   <div class='ocr_carea' id='block_1_3' title="bbox 274 3287 1389 3438">
    <p class='ocr_par' dir='ltr' id='par_1_7' title="bbox 274 3287 1389 3438">
     <span class='ocr_line' id='line_1_35' title="bbox 274 3287 1389 3438; baseline -0.001 -86"><span class='ocrx_word' id='word_1_261' title='bbox 274 3288 360 3373; x_wconf 92' lang='lat' dir='ltr'><strong>quod</strong></span> <span class='ocrx_word' id='word_1_262' title='bbox 383 3287 458 3352; x_wconf 90' lang='lat' dir='ltr'><strong>olim</strong></span> <span class='ocrx_word' id='word_1_263' title='bbox 472 3289 692 3371; x_wconf 85' lang='lat' dir='ltr'><strong>‘Districtum’,</strong></span> <span class='ocrx_word' id='word_1_264' title='bbox 713 3312 798 3353; x_wconf 88' lang='lat' dir='ltr'><strong>nuuc</strong></span> <span class='ocrx_word' id='word_1_265' title='bbox 811 3289 971 3354; x_wconf 77' lang='lat' dir='ltr'><strong>‘Castrum</strong></span> <span class='ocrx_word' id='word_1_266' title='bbox 982 3291 1234 3376; x_wconf 86' lang='lat' dir='ltr'><strong>peregrinorum’</strong></span> <span class='ocrx_word' id='word_1_267' title='bbox 1249 3287 1389 3438; x_wconf 76' lang='lat' dir='ltr'><strong>appella-</strong></span> 
     </span>
    </p>
   </div>
   <div class='ocr_carea' id='block_1_4' title="bbox 272 3372 1396 3796">
    <p class='ocr_par' dir='ltr' id='par_1_8' title="bbox 272 3372 1396 3796">
     <span class='ocr_line' id='line_1_36' title="bbox 273 3372 1394 3459; baseline 0.003 -24"><span class='ocrx_word' id='word_1_268' title='bbox 273 3382 332 3448; x_wconf 89' lang='lat' dir='ltr'><strong>tur,</strong></span> <span class='ocrx_word' id='word_1_269' title='bbox 368 3372 516 3437; x_wconf 87' lang='lat' dir='ltr'><strong>edificare</strong></span> <span class='ocrx_word' id='word_1_270' title='bbox 546 3383 709 3458; x_wconf 86' lang='lat' dir='ltr'><strong>ceperunt,</strong></span> <span class='ocrx_word' id='word_1_271' title='bbox 740 3373 827 3459; x_wconf 92' lang='lat' dir='ltr'><strong>quod</strong></span> <span class='ocrx_word' id='word_1_272' title='bbox 854 3375 993 3458; x_wconf 90' lang='lat' dir='ltr'><strong>positum</strong></span> <span class='ocrx_word' id='word_1_273' title='bbox 1022 3385 1070 3440; x_wconf 91' lang='lat' dir='ltr'><strong>est</strong></span> <span class='ocrx_word' id='word_1_274' title='bbox 1096 3376 1178 3439; x_wconf 89' lang='lat' dir='ltr'><strong>inter</strong></span> <span class='ocrx_word' id='word_1_275' title='bbox 1201 3374 1269 3459; x_wconf 80' lang='lat' dir='ltr'><strong>Cap</strong></span> <span class='ocrx_word' id='word_1_276' title='bbox 1292 3396 1327 3438; x_wconf 89' lang='lat' dir='ltr'><strong>as</strong></span> <span class='ocrx_word' id='word_1_277' title='bbox 1357 3385 1394 3438; x_wconf 86' lang='lat' dir='ltr'><strong>et</strong></span> 
     </span>
     <span class='ocr_line' id='line_1_37' title="bbox 275 3455 1392 3534; baseline 0 -14"><span class='ocrx_word' id='word_1_278' title='bbox 275 3455 446 3521; x_wconf 81' lang='lat' dir='ltr'><strong>Cesaream</strong></span> <span class='ocrx_word' id='word_1_279' title='bbox 468 3459 562 3520; x_wconf 86' lang='lat' dir='ltr'><strong>iuxta</strong></span> <span class='ocrx_word' id='word_1_280' title='bbox 582 3478 679 3534; x_wconf 79' lang='lat' dir='ltr'><strong>utare.</strong></span> <span class='ocrx_word' id='word_1_281' title='bbox 725 3459 825 3522; x_wconf 82' lang='lat' dir='ltr'><strong>Terra</strong></span> <span class='ocrx_word' id='word_1_282' title='bbox 847 3468 954 3524; x_wconf 89' lang='lat' dir='ltr'><strong>autem</strong></span> <span class='ocrx_word' id='word_1_283' title='bbox 981 3460 1210 3523; x_wconf 89' lang='lat' dir='ltr'><strong>circumiacens</strong></span> <span class='ocrx_word' id='word_1_284' title='bbox 1237 3459 1316 3522; x_wconf 87' lang='lat' dir='ltr'><strong>mire</strong></span> <span class='ocrx_word' id='word_1_285' title='bbox 1342 3466 1392 3521; x_wconf 89' lang='lat' dir='ltr'><strong>est</strong></span> 
     </span>
     <span class='ocr_line' id='line_1_38' title="bbox 273 3539 1392 3628; baseline 0.002 -26"><span class='ocrx_word' id='word_1_286' title='bbox 273 3539 456 3622; x_wconf 88' lang='lat' dir='ltr'><strong>fertilitatis,</strong></span> <span class='ocrx_word' id='word_1_287' title='bbox 487 3551 519 3606; x_wconf 91' lang='lat' dir='ltr'><strong>et</strong></span> <span class='ocrx_word' id='word_1_288' title='bbox 570 3551 657 3605; x_wconf 88' lang='lat' dir='ltr'><strong>ortus</strong></span> <span class='ocrx_word' id='word_1_289' title='bbox 684 3542 899 3628; x_wconf 88' lang='lat' dir='ltr'><strong>piscatoribus</strong></span> <span class='ocrx_word' id='word_1_290' title='bbox 932 3541 1018 3608; x_wconf 88' lang='lat' dir='ltr'><strong>utilis</strong></span> <span class='ocrx_word' id='word_1_291' title='bbox 1051 3566 1086 3608; x_wconf 90' lang='lat' dir='ltr'><strong>se</strong></span> <span class='ocrx_word' id='word_1_292' title='bbox 1115 3542 1270 3624; x_wconf 85' lang='lat' dir='ltr'><strong>adiungit.</strong></span> <span class='ocrx_word' id='word_1_293' title='bbox 1320 3539 1392 3605; x_wconf 90' lang='lat' dir='ltr'><strong>Nec</strong></span> 
     </span>
     <span class='ocr_line' id='line_1_39' title="bbox 273 3623 1392 3712; baseline 0.003 -26"><span class='ocrx_word' id='word_1_294' title='bbox 273 3623 442 3706; x_wconf 88' lang='lat' dir='ltr'><strong>silendum,</strong></span> <span class='ocrx_word' id='word_1_295' title='bbox 466 3645 528 3709; x_wconf 93' lang='lat' dir='ltr'><strong>quo</strong></span> <span class='ocrx_word' id='word_1_296' title='bbox 554 3673 562 3706; x_wconf 88' lang='lat'><strong>,</strong></span> <span class='ocrx_word' id='word_1_297' title='bbox 591 3624 669 3688; x_wconf 93' lang='lat' dir='ltr'><strong>dum</strong></span> <span class='ocrx_word' id='word_1_298' title='bbox 691 3636 822 3712; x_wconf 88' lang='lat' dir='ltr'><strong>propter</strong></span> <span class='ocrx_word' id='word_1_299' title='bbox 844 3648 940 3712; x_wconf 84' lang='lat' dir='ltr'><strong>agros</strong></span> <span class='ocrx_word' id='word_1_300' title='bbox 962 3626 1197 3691; x_wconf 87' lang='lat' dir='ltr'><strong>exhauriendos</strong></span> <span class='ocrx_word' id='word_1_301' title='bbox 1219 3626 1392 3705; x_wconf 86' lang='lat' dir='ltr'><strong>foderetur,</strong></span> 
     </span>
     <span class='ocr_line' id='line_1_40' title="bbox 272 3708 1396 3796; baseline 0.004 -26"><span class='ocrx_word' id='word_1_302' title='bbox 272 3708 422 3772; x_wconf 88' lang='lat' dir='ltr'><strong>inventus</strong></span> <span class='ocrx_word' id='word_1_303' title='bbox 455 3719 504 3772; x_wconf 91' lang='lat' dir='ltr'><strong>est</strong></span> <span class='ocrx_word' id='word_1_304' title='bbox 536 3731 657 3790; x_wconf 90' lang='lat' dir='ltr'><strong>murus,</strong></span> <span class='ocrx_word' id='word_1_305' title='bbox 694 3709 753 3773; x_wconf 88' lang='lat' dir='ltr'><strong>sub</strong></span> <span class='ocrx_word' id='word_1_306' title='bbox 791 3711 882 3774; x_wconf 89' lang='lat' dir='ltr'><strong>ouius</strong></span> <span class='ocrx_word' id='word_1_307' title='bbox 914 3710 1122 3776; x_wconf 88' lang='lat' dir='ltr'><strong>fundamento</strong></span> <span class='ocrx_word' id='word_1_308' title='bbox 1155 3720 1322 3796; x_wconf 87' lang='lat' dir='ltr'><strong>argeutum</strong></span> <span class='ocrx_word' id='word_1_309' title='bbox 1358 3719 1396 3774; x_wconf 91' lang='lat' dir='ltr'><strong>et</strong></span> 
     </span>
    </p>
   </div>
   <div class='ocr_carea' id='block_1_5' title="bbox 271 3793 1157 3879">
    <p class='ocr_par' dir='ltr' id='par_1_9' title="bbox 271 3793 1157 3879">
     <span class='ocr_line' id='line_1_41' title="bbox 271 3793 1157 3879; baseline 0.006 -26"><span class='ocrx_word' id='word_1_310' title='bbox 271 3793 396 3854; x_wconf 91' lang='lat' dir='ltr'><strong>nummi</strong></span> <span class='ocrx_word' id='word_1_311' title='bbox 417 3800 543 3856; x_wconf 88' lang='lat' dir='ltr'><strong>monete</strong></span> <span class='ocrx_word' id='word_1_312' title='bbox 566 3793 726 3858; x_wconf 90' lang='lat' dir='ltr'><strong>modernis</strong></span> <span class='ocrx_word' id='word_1_313' title='bbox 747 3795 910 3879; x_wconf 84' lang='lat' dir='ltr'><strong>incognite</strong></span> <span class='ocrx_word' id='word_1_314' title='bbox 932 3805 1007 3859; x_wconf 89' lang='lat' dir='ltr'><strong>sunt</strong></span> <span class='ocrx_word' id='word_1_315' title='bbox 1027 3796 1157 3861; x_wconf 90' lang='lat' dir='ltr'><strong>inventi.</strong></span> 
     </span>
    </p>
   </div>
   <div class='ocr_carea' id='block_1_6' title="bbox 471 3935 1205 4022">
    <p class='ocr_par' dir='ltr' id='par_1_10' title="bbox 471 3935 1205 4022">
     <span class='ocr_line' id='line_1_42' title="bbox 471 3935 1205 4022; baseline 0.014 -24"><span class='ocrx_word' id='word_1_316' title='bbox 471 3936 501 3998; x_wconf 81' lang='lat' dir='ltr'><strong>b.</strong></span> <span class='ocrx_word' id='word_1_317' title='bbox 533 3935 592 3999; x_wconf 89' lang='lat' dir='ltr'><strong>De</strong></span> <span class='ocrx_word' id='word_1_318' title='bbox 615 3936 881 4022; x_wconf 88' lang='lat' dir='ltr'><strong>passionibus</strong></span> <span class='ocrx_word' id='word_1_319' title='bbox 903 3939 1205 4022; x_wconf 84' lang='lat' dir='ltr'><strong>navigantium..</strong></span> 
     </span>
    </p>
   </div>
   <div class='ocr_carea' id='block_1_7' title="bbox 199 4035 1394 4374">
    <p class='ocr_par' dir='ltr' id='par_1_11' title="bbox 199 4035 1394 4374">
     <span class='ocr_line' id='line_1_43' title="bbox 360 4035 1393 4124; baseline 0.003 -26"><span class='ocrx_word' id='word_1_320' title='bbox 360 4035 421 4100; x_wconf 91' lang='lat' dir='ltr'><strong>His</strong></span> <span class='ocrx_word' id='word_1_321' title='bbox 444 4036 490 4100; x_wconf 90' lang='lat' dir='ltr'><strong>ita</strong></span> <span class='ocrx_word' id='word_1_322' title='bbox 513 4060 553 4102; x_wconf 90' lang='lat' dir='ltr'><strong>ue</strong></span> <span class='ocrx_word' id='word_1_323' title='bbox 575 4040 608 4101; x_wconf 90' lang='lat' dir='ltr'><strong>in</strong></span> <span class='ocrx_word' id='word_1_324' title='bbox 630 4038 772 4103; x_wconf 90' lang='lat' dir='ltr'><strong>Domino</strong></span> <span class='ocrx_word' id='word_1_325' title='bbox 796 4041 876 4103; x_wconf 90' lang='lat' dir='ltr'><strong>citra</strong></span> <span class='ocrx_word' id='word_1_326' title='bbox 898 4063 985 4104; x_wconf 88' lang='lat' dir='ltr'><strong>mare</strong></span> <span class='ocrx_word' id='word_1_327' title='bbox 1008 4051 1040 4105; x_wconf 91' lang='lat' dir='ltr'><strong>et</strong></span> <span class='ocrx_word' id='word_1_328' title='bbox 1060 4040 1143 4105; x_wconf 90' lang='lat' dir='ltr'><strong>ultra</strong></span> <span class='ocrx_word' id='word_1_329' title='bbox 1163 4040 1298 4106; x_wconf 86' lang='lat' dir='ltr'><strong>feliciter</strong></span> <span class='ocrx_word' id='word_1_330' title='bbox 1319 4061 1393 4124; x_wconf 90' lang='lat' dir='ltr'><strong>per-</strong></span> 
     </span>
     <span class='ocr_line' id='line_1_44' title="bbox 199 4059 1393 4199; baseline 0.003 -17"><span class='ocrx_word' id='word_1_331' title='bbox 199 4144 264 4185; x_wconf 77' lang='lat' dir='ltr'><strong>nis.</strong></span> <span class='ocrx_word' id='word_1_332' title='bbox 275 4119 372 4199; x_wconf 87' lang='lat' dir='ltr'><strong>actis,</strong></span> <span class='ocrx_word' id='word_1_333' title='bbox 402 4120 466 4184; x_wconf 87' lang='lat' dir='ltr'><strong>iam</strong></span> <span class='ocrx_word' id='word_1_334' title='bbox 491 4059 648 4188; x_wconf 65' lang='lat' dir='ltr'><strong>liastiusr</strong></span> <span class='ocrx_word' id='word_1_335' title='bbox 676 4133 789 4187; x_wconf 89' lang='lat' dir='ltr'><strong>nautas</strong></span> <span class='ocrx_word' id='word_1_336' title='bbox 824 4135 1013 4189; x_wconf 88' lang='lat' dir='ltr'><strong>evocaturus</strong></span> <span class='ocrx_word' id='word_1_337' title='bbox 1044 4125 1191 4190; x_wconf 89' lang='lat' dir='ltr'><strong>instabat.</strong></span> <span class='ocrx_word' id='word_1_338' title='bbox 1242 4124 1286 4188; x_wconf 82' lang='lat' dir='ltr'><strong>Et</strong></span> <span class='ocrx_word' id='word_1_339' title='bbox 1313 4144 1393 4187; x_wconf 89' lang='lat' dir='ltr'><strong>ecce</strong></span> 
     </span>
     <span class='ocr_line' id='line_1_45' title="bbox 274 4203 1393 4292; baseline 0.004 -25"><span class='ocrx_word' id='word_1_340' title='bbox 274 4203 414 4290; x_wconf 92' lang='lat' dir='ltr'><strong>populus</strong></span> <span class='ocrx_word' id='word_1_341' title='bbox 436 4205 569 4286; x_wconf 88' lang='lat' dir='ltr'><strong>navalis,</strong></span> <span class='ocrx_word' id='word_1_342' title='bbox 592 4208 647 4291; x_wconf 93' lang='lat' dir='ltr'><strong>qui</strong></span> <span class='ocrx_word' id='word_1_343' title='bbox 669 4207 756 4292; x_wconf 90' lang='lat' dir='ltr'><strong>apud</strong></span> <span class='ocrx_word' id='word_1_344' title='bbox 779 4207 987 4272; x_wconf 85' lang='lat' dir='ltr'><strong>Ulixibonam</strong></span> <span class='ocrx_word' id='word_1_345' title='bbox 1009 4208 1215 4291; x_wconf 89' lang='lat' dir='ltr'><strong>hiemaverat,</strong></span> <span class='ocrx_word' id='word_1_346' title='bbox 1238 4207 1279 4272; x_wconf 88' lang='lat' dir='ltr'><strong>ad</strong></span> <span class='ocrx_word' id='word_1_347' title='bbox 1301 4229 1393 4272; x_wconf 82' lang='lat' dir='ltr'><strong>mare</strong></span> 
     </span>
     <span class='ocr_line' id='line_1_46' title="bbox 273 4289 1394 4374; baseline 0.001 -22"><span class='ocrx_word' id='word_1_348' title='bbox 273 4309 446 4374; x_wconf 87' lang='lat' dir='ltr'><strong>properare</strong></span> <span class='ocrx_word' id='word_1_349' title='bbox 475 4289 613 4356; x_wconf 84' lang='lat' dir='ltr'><strong>festinat.</strong></span> <span class='ocrx_word' id='word_1_350' title='bbox 663 4291 707 4356; x_wconf 84' lang='lat' dir='ltr'><strong>Et</strong></span> <span class='ocrx_word' id='word_1_351' title='bbox 740 4290 872 4356; x_wconf 91' lang='lat' dir='ltr'><strong>consilio</strong></span> <span class='ocrx_word' id='word_1_352' title='bbox 905 4291 1014 4356; x_wconf 88' lang='lat' dir='ltr'><strong>habito</strong></span> <span class='ocrx_word' id='word_1_353' title='bbox 1048 4293 1226 4357; x_wconf 90' lang='lat' dir='ltr'><strong>ordinatum</strong></span> <span class='ocrx_word' id='word_1_354' title='bbox 1261 4301 1318 4371; x_wconf 88' lang='lat' dir='ltr'><strong>est,</strong></span> <span class='ocrx_word' id='word_1_355' title='bbox 1354 4299 1394 4354; x_wconf 91' lang='lat' dir='ltr'><strong>ut</strong></span> 
     </span>
    </p>
   </div>
   <div class='ocr_carea' id='block_1_8' title="bbox 273 4412 1396 4472">
    <p class='ocr_par' dir='ltr' id='par_1_12' title="bbox 273 4412 1396 4472">
     <span class='ocr_line' id='line_1_47' title="bbox 273 4412 1396 4472; baseline 0 -17"><span class='ocrx_word' id='word_1_356' title='bbox 273 4412 296 4466; x_wconf 83' lang='lat' dir='ltr'><strong>a)</strong></span> <span class='ocrx_word' id='word_1_357' title='bbox 311 4416 381 4456; x_wconf 86' lang='lat' dir='ltr'><strong>sociis</strong></span> <span class='ocrx_word' id='word_1_358' title='bbox 397 4417 472 4456; x_wconf 63' lang='lat' dir='ltr'><strong>{taum</strong></span> <span class='ocrx_word' id='word_1_359' title='bbox 488 4428 530 4458; x_wconf 80' lang='lat' dir='ltr'><strong>scr.</strong></span> <span class='ocrx_word' id='word_1_360' title='bbox 547 4418 584 4457; x_wconf 77' lang='lat' dir='ltr'><strong>aad</strong></span> <span class='ocrx_word' id='word_1_361' title='bbox 599 4417 638 4459; x_wconf 80' lang='lat' dir='ltr'><strong>del.</strong></span> <span class='ocrx_word' id='word_1_362' title='bbox 655 4423 673 4458; x_wconf 82' lang='lat' dir='ltr'><strong>at</strong></span> <span class='ocrx_word' id='word_1_363' title='bbox 688 4418 712 4458; x_wconf 79' lang='lat' dir='ltr'><strong>ta</strong></span> <span class='ocrx_word' id='word_1_364' title='bbox 728 4429 796 4468; x_wconf 70' lang='lat' dir='ltr'><strong>muro.</strong></span> <span class='ocrx_word' id='word_1_365' title='bbox 813 4419 864 4460; x_wconf 82' lang='lat' dir='ltr'><strong>add.</strong></span> <span class='ocrx_word' id='word_1_366' title='bbox 880 4421 928 4458; x_wconf 85' lang='lat' dir='ltr'><strong>suis</strong></span> <span class='ocrx_word' id='word_1_367' title='bbox 943 4430 961 4460; x_wconf 82' lang='lat' dir='ltr'><strong>e.</strong></span> <span class='ocrx_word' id='word_1_368' title='bbox 1023 4419 1047 4472; x_wconf 88' lang='lat' dir='ltr'><strong>b)</strong></span> <span class='ocrx_word' id='word_1_369' title='bbox 1064 4430 1115 4459; x_wconf 89' lang='lat' dir='ltr'><strong>cum</strong></span> <span class='ocrx_word' id='word_1_370' title='bbox 1131 4431 1148 4461; x_wconf 80' lang='lat' dir='ltr'><strong>a</strong></span> <span class='ocrx_word' id='word_1_371' title='bbox 1211 4417 1231 4470; x_wconf 90' lang='lat' dir='ltr'><strong>c)</strong></span> <span class='ocrx_word' id='word_1_372' title='bbox 1248 4429 1258 4459; x_wconf 90' lang='lat' dir='ltr'><strong>s</strong></span> <span class='ocrx_word' id='word_1_373' title='bbox 1274 4429 1285 4457; x_wconf 80' lang='lat' dir='ltr'><strong>c</strong></span> <span class='ocrx_word' id='word_1_374' title='bbox 1299 4428 1357 4457; x_wconf 80' lang='lat' dir='ltr'><strong>corr.</strong></span> <span class='ocrx_word' id='word_1_375' title='bbox 1374 4429 1396 4456; x_wconf 82' lang='lat' dir='ltr'><strong>c.</strong></span> 
     </span>
    </p>
   </div>
   <div class='ocr_carea' id='block_1_9' title="bbox 0 0 1530 4983">
    <p class='ocr_par' dir='ltr' id='par_1_13' title="bbox 0 0 1530 4983">
     <span class='ocr_line' id='line_1_48' title="bbox 0 0 1530 4983; baseline 0 0"><span class='ocrx_word' id='word_1_376' title='bbox 0 0 1530 4983; x_wconf 95' lang='lat' dir='ltr'><strong> </strong></span> 
     </span>
    </p>
   </div>
  </div>
 </body>
</html>
