3102 4978
380 445 568 500 cfluomcs
586 443 700 497 uuum
720 442 974 496 cohoulsusls.
1196 443 1267 495 XIII

142 641 221 698 csse,
248 618 361 702 primo
419 621 483 677 atet
515 621 659 696 aspectu.
703 613 758 676 Eu
786 633 852 676 uno
879 611 948 675 loco
967 609 1117 691 fortasse
1145 611 1268 676 ooniici

138 710 261 787 posset,
298 702 335 765 in
397 699 528 761 antensi
559 698 682 780 oppido
719 719 791 760 eum
824 697 993 782 dcqisse¹;
1030 718 1097 759 non
1132 695 1268 760 multum

144 797 253 850 tamen
277 785 354 848 hnic
378 783 583 846 coniecturae
603 779 777 867 indulqere
799 780 904 844 uelim.
951 778 1040 845 Certe
1056 782 1268 864 potissimum

144 873 182 934 in
205 872 249 936 iis
272 877 426 932 versatur
447 865 600 928 narratio
622 887 706 950 quae
730 865 775 928 ad
800 864 967 931 Coloniam
989 873 1145 947 spectant.
1189 865 1268 928 Non

144 953 289 1040 sinqulis
318 950 498 1037 quibusque
521 950 622 1014 annis
649 971 700 1014 res
722 946 848 1014 adamo
870 951 969 1014 datae
990 957 1086 1029 sunt;
1119 971 1150 1012 a.
1175 947 1267 1012 1200.

145 1038 432 1130 Mequntinenscm
458 1029 626 1097 ecclesiam
650 1033 807 1118 pluribus
835 1036 936 1098 annis
963 1032 1106 1118 leqitimo
1132 1040 1268 1133 pastore

145 1124 304 1202 caruisse,
326 1127 510 1198 narratur;
534 1140 566 1180 a.
590 1117 682 1181 1201.
705 1120 802 1183 etiam
824 1117 863 1182 de
887 1139 977 1182 anno
999 1125 1144 1202 sequenti
1166 1115 1267 1201 refer·

145 1215 218 1288 tur;
248 1228 279 1270 a.
304 1204 396 1269 1204.
419 1203 464 1267 ad
485 1201 524 1267 id
540 1210 753 1286 prouocatur,
777 1202 874 1288 ‘quod
890 1209 1008 1287 postea
1029 1223 1140 1265 rerum
1162 1203 1270 1264 cuitus

147 1290 377 1376 approbavit',·
408 1309 439 1351 a.
465 1284 556 1351 1209.
579 1286 761 1350 traduntur
788 1309 872 1371 quac
901 1287 1047 1370 sequenti
1068 1294 1144 1349 acta
1172 1293 1268 1367 sunt,·

147 1398 179 1440 a.
204 1373 296 1438 1210.
340 1395 403 1436 uae
426 1394 457 1437 a.
479 1370 569 1434 1213.
592 1371 720 1434 densum
741 1379 925 1435 evenerunt.
976 1368 1037 1434 Ubi
1059 1391 1099 1433 ue
1122 1370 1269 1434 animum

118 1536 120 1541 ¹
147 1395 369 1543 deprehenbes
391 1455 543 1520 ecclesiae
553 1476 778 1540 propensum;
799 1455 984 1519 initiorum
1002 1393 1140 1520 Colonia
1155 1462 1270 1519 auctor

142 1551 260 1627 partes
283 1543 355 1628 aqit
375 1540 502 1605 Ottonis
517 1541 626 1625 reqis;
647 1537 743 1603 ualde
764 1537 853 1625 luqct
874 1539 1049 1602 ‘discordie
1071 1539 1268 1618 incentivum

148 1650 188 1691 ac
201 1625 362 1710 fomhem,
385 1623 537 1688 ecclesiae
551 1624 788 1688 detrimentum'
809 1645 844 1688 eo
857 1621 1001 1707 factum,
1023 1623 1111 1706 quod
1126 1621 1270 1707 Adolfus

148 1711 419 1794 archiepiscopus
456 1708 502 1771 ool
538 1706 731 1793 Philippum
772 1709 958 1772 transiisset
992 1729 1126 1792 eumque
1161 1729 1270 1793 reqem

149 1801 378 1859 consecrasset.
436 1790 665 1856 Nihilominus
723 1799 810 1855 ostca
849 1791 935 1855 hunc
967 1814 1074 1877 rcqem
1108 1794 1268 1878 aqnoscit,

147 1881 245 1943 immo
268 1901 335 1942 non
357 1876 513 1942 mediocri
542 1875 642 1939 laude
664 1813 762 1962 effhrt
807 1875 1002 1942 Chronicam
1031 1877 1158 1961 reqiam
1186 1885 1269 1940 recte

149 1964 248 2027 ctiam
277 1963 363 2026 hanc
391 1961 508 2045 maqni
537 1961 645 2043 operis
674 1969 804 2046 partem
836 1962 1011 2041 vocaveris,
1044 1983 1116 2025 cum
1149 1960 1269 2044 ubique
1371 2003 1375 2010 -

150 2068 223 2110 eum
247 2047 307 2131 qui
328 2043 471 2130 reqalem
494 2064 649 2108 coronam
671 2044 883 2129 Aquisqrani
905 2043 1080 2108 obtinuerit
1100 2054 1269 2130 tamquam

147 2131 328 2217 leqitimum
349 2151 456 2215 reqem
478 2127 618 2192 celebret.
665 2125 757 2202 Quae
782 2126 935 2193 Coloniae
957 2137 987 2192 et
1008 2130 1098 2192 circa
1117 2129 1270 2193 Rhenum

147 2223 240 2301 qesta
256 2223 334 2278 sunt
349 2221 466 2278 asertor
480 2211 557 2276 ben'e
572 2211 685 2277 habuit
700 2222 863 2296 comperta
878 2222 907 2275 et
917 2211 1020 2277 multa
1032 2221 1148 2277 notatu
1162 2213 1270 2298 (liqna

147 2298 289 2363 retulit².
334 2298 399 2362 Res
426 2318 501 2361 uero
531 2296 710 2383 lonqinque
730 2305 840 2381 qestas
858 2296 1049 2382 plerumque
1079 2319 1119 2361 cu
1145 2298 1269 2361 incerto

148 2403 279 2447 rumore
301 2384 462 2465 accepisse
476 2381 616 2462 uidetur,
639 2381 774 2466 ideoque
799 2381 837 2444 in
859 2382 904 2445 iis
922 2381 1126 2445 enarrandis
1143 2403 1270 2447 errores

149 2469 248 2530 ctiam
281 2467 452 2552 proniores
484 2467 670 2530 commisit³.
722 2465 979 2551 Nonnumquam
1008 2467 1117 2530 eadem
1149 2463 1198 2530 uel
1227 2467 1271 2530 iis

149 2551 276 2616 similia
299 2574 338 2614 ac
355 2547 436 2614 ulter
453 2549 634 2615 Chronicas
648 2550 761 2635 reqiae
778 2551 988 2614 continuator
1002 2550 1116 2631 tradit,
1138 2551 1270 2615 minime

148 2657 224 2699 uero
247 2635 317 2698 eius
339 2656 421 2719 opus
444 2635 571 2698 novisse
592 2633 763 2715 uidetur⁴,·
790 2634 847 2698 scd
869 2655 952 2718 quac
975 2632 1127 2699 Coloniae
1149 2656 1270 2699 narra·

151 2719 274 2783 bantur
295 2727 427 2802 uterquc
449 2715 576 2782 calamo
603 2719 768 2802 accepisse
791 2719 973 2783 censendus
994 2727 1048 2783 est.
1098 2719 1203 2805 Usque
1225 2719 1272 2782 ad

151 2825 183 2868 a.
209 2803 299 2866 1217.
322 2803 475 2866 namatio
497 2802 629 2867 uberior
644 2802 874 2888 proqreditur,
901 2825 959 2867 nec
981 2811 1087 2867 tamen
1109 2804 1187 2867 haec
1209 2804 1272 2867 uni

152 2888 282 2952 auctori
314 2894 397 2950 certo
427 2888 547 2950 certius
576 2886 765 2967 tribuerim,·
798 2887 838 2951 sle
871 2889 971 2951 annis
1001 2886 1091 2951 1218.
1122 2896 1151 2952 et
1180 2887 1271 2951 1219.

150 2970 250 3036 multo
273 2970 403 3034 breuius
420 2967 583 3054 refertm,·
605 2972 642 3034 in
666 2993 697 3033 a.
715 2971 806 3035 1220.
829 2971 951 3035 desinit
969 2971 1080 3052 coelen,
1102 2981 1131 3035 et
1151 2993 1270 3057 quous-

151 3078 211 3142 que
224 3052 322 3137 fllum
345 3053 533 3134 estenderit,
554 3076 621 3118 non
643 3053 669 3118 li
691 3062 752 3118 uet.

235 3137 358 3202 Eodem
389 3159 465 3201 uero
497 3146 637 3221 tempore
668 3078 833 3204 bhronica
864 3140 961 3224 reqia
993 3161 1122 3220 nouam,
1153 3147 1190 3202 ut
1221 3139 1271 3202 ita

150 3222 270 3303 dicam,
283 3220 433 3306 formam
454 3221 586 3302 induit;
607 3221 645 3284 id
667 3223 754 3306 quod
774 3225 812 3286 in
834 3225 1032 3287 monasterio
1048 3221 1166 3287 Sancti
1180 3222 1269 3287 Pan·

148 3305 288 3370 taleonis
304 3326 413 3390 prope
434 3327 545 3369 muros
571 3303 724 3371 Coloniae
746 3308 807 3370 sito
819 3304 953 3390 factum
980 3329 1057 3388 esse,
1092 3309 1175 3371 satis
1196 3329 1272 3372 con·

149 3399 222 3454 stat.
266 3391 366 3455 Immo
390 3411 509 3454 novum
531 3411 674 3475 prorsus
704 3412 786 3476 opus
814 3391 866 3456 hic
893 3391 1061 3455 conditum
1086 3401 1141 3471 est,
1174 3391 1270 3477 quale

148 3477 187 3541 in
209 3475 373 3539 codicibus
393 3474 426 3537 B
448 3474 527 3555 etC,
550 3475 606 3538 secl
628 3497 668 3540 ne
689 3476 726 3539 in
748 3475 799 3539 his
822 3475 950 3560 quidem
972 3475 1115 3539 ciusdem
1136 3477 1270 3557 tenoris,

150 3560 341 3643 continetur,
363 3567 399 3622 ut
414 3557 526 3622 saltem
541 3559 627 3623 duas
642 3562 847 3625 recensiones
859 3559 1102 3646 distinquamus
1115 3569 1269 3645 oporteat.

151 3719 180 3788 1)
200 3737 227 3772 a.
248 3719 334 3771 1202:
359 3721 477 3772 infesto
502 3737 524 3772 s.
545 3720 639 3773 (trusis
666 3723 783 3773 Xsntum
808 3725 971 3790 preteriens3
997 3724 1027 3776 id
1050 3724 1121 3790 quod
1146 3721 1270 3776 anniae

151 3791 306 3846 contitutus
331 3811 379 3844 cur
406 3793 585 3858 annotaverit,
609 3793 656 3860 uin
679 3795 822 3863 intelliqas.
862 3797 934 3848 Nam
958 3799 1029 3864 quod
1054 3796 1118 3849 dicit
1137 3814 1163 3849 a.
1185 3797 1269 3848 1205:

148 3867 261 3919 Nasium
279 3873 486 3934 pretergressus,
510 3874 624 3933 etpost:
652 3868 792 3920 coloniam
818 3873 975 3937 preteriens,
1000 3871 1077 3922 nulla
1095 3871 1150 3922 diei
1167 3868 1271 3922 indica·

149 3939 220 3992 tione
239 3940 352 4004 adiecto,
372 3957 431 3992 cum
449 3938 504 3992 illis
521 3939 569 3993 uin
588 3958 744 4007 comparare
756 3941 823 3994 licet.
899 3943 928 4009 2)
948 3942 988 4010 Cf.
1005 3961 1073 4010 quac
1089 3944 1271 3996 Winhehnann

148 4014 183 4066 de
214 4012 289 4066 breui
312 4013 468 4082 sraqmento
500 4014 636 4080 hucusque
667 4024 728 4067 noto
759 4026 853 4081 monet,
887 4015 1013 4084 ‘Philipp'
1046 4017 1070 4081 I,
1099 4035 1131 4084 p.
1163 4019 1217 4068 370
1241 4034 1270 4068 n.

149 4089 178 4152 3)
198 4105 224 4139 a.
241 4087 321 4138 1208.
335 4085 424 4154 filiam
442 4088 511 4155 rcqis
524 4087 695 4154 Arraqonmn
709 4105 850 4155 paqanam
869 4089 951 4153 sicin·
970 4107 996 4143 a.
1018 4093 1097 4145 1210.
1107 4089 1270 4143 saladinum

149 4159 243 4212 obiisse
261 4169 375 4223 narratf
393 4161 483 4212 eodem
502 4178 573 4212 anno
592 4178 635 4212 res
654 4161 800 4228 Unquricas
820 4165 911 4216 turbat
917 4183 926 4227 ,·
946 4181 971 4215 a.
988 4165 1068 4216 121⁷.
1088 4163 1270 4232 lantqrcsium

153 4232 318 4302 Thur-inpios
343 4233 515 4286 Lucioscieum
541 4232 615 4298 dicit,
641 4251 699 4286 cum
717 4235 892 4289 Hermannus
920 4237 1031 4305 intelliqi
1053 4238 1156 4290 debeat.
1192 4236 1270 4289 Hace

147 4306 178 4358 in
196 4308 309 4360 alteram
325 4306 532 4359 continuationis
540 4315 648 4374 partem
661 4309 764 4372 cdere,
786 4311 998 4364 animaduertere
1016 4310 1089 4363 uelis.
1163 4310 1192 4376 4)
1211 4309 1267 4360 Uno

149 4386 251 4431 tantum
278 4382 332 4432 loco
358 4381 449 4432 euclem
468 4381 551 4433 uerba
574 4381 707 4448 lequuntur,
733 4383 782 4435 sed
807 4385 898 4438 breuia
923 4401 955 4436 ca
980 4393 1004 4437 ct
1028 4401 1097 4450 quoe
1124 4382 1217 4450 cuique
1240 4398 1268 4433 sc

142 4455 274 4519 praebere
287 4461 428 4521 poterant:
448 4455 539 4506 Renus
558 4456 680 4522 superius
699 4462 727 4508 ct
744 4457 855 4511 inferius
875 4458 1016 4510 clauditur.
