3098 4982
298 399 348 448 EX
368 398 558 450 EPISTOLIS
579 397 754 450 GUIBERTI
774 397 1064 450 GEMBLAOENSIS.
1193 398 1247 448 323

127 645 183 697 EX
197 643 400 696 EPISTOLIS
424 644 617 696 GUIBERTI
637 572 932 696 edhsstnourvsls
954 644 1007 694 AD
1030 641 1251 695 PHILIPPUM

300 717 640 800 nacfflnrlscown
656 715 935 770 coLONIENSEM
950 715 1077 769 Dama.

677 821 693 882 1

212 906 263 970 Ea
294 916 400 970 mente
431 905 505 970 veni
539 903 723 986 Coloniam,
760 903 818 968 ubi
848 927 907 970 vos
938 927 997 992 per
1028 904 1061 968 id
1093 904 1248 990 temporis
1252 899 1396 1009 ffiffll'·

129 987 297 1074 diligenter
318 991 515 1076 investigans
536 1010 607 1052 csse
629 1010 859 1074 compereram.
910 989 954 1056 Et
975 1010 1050 1054 ecce
1076 987 1152 1052 dum
1173 985 1274 1051 flue-⁴
1337 987 1345 1003 ‘

129 1076 306 1144 tuationem
339 1075 423 1138 nitor
452 1073 597 1154 evadere,
630 1094 713 1158 pene
745 1071 824 1136 mihi
850 1075 941 1138 visus
974 1095 1045 1137 sum
1077 1073 1249 1136 incurrisse

129 1157 344 1242 naufragium,
376 1180 437 1222 nec
467 1156 601 1222 multum
631 1156 751 1238 aberat,
781 1159 860 1243 quin
888 1159 1014 1243 penitus
1043 1179 1063 1220 a
1092 1178 1149 1241 spe
1178 1175 1251 1218 mea

130 1241 329 1323 deciderem,
364 1244 439 1328 quia
468 1242 575 1306 inveni
595 1262 654 1306 vos
681 1249 729 1304 tot
755 1242 855 1327 septis
876 1263 896 1306 a
916 1240 1046 1328 publico
1076 1249 1249 1325 conspectu

131 1324 359 1408 interclusum,
387 1337 434 1391 tot
463 1347 611 1389 curarum
644 1323 782 1390 molibus
809 1346 1017 1411 oppressum,
1047 1334 1084 1388 ut
1111 1345 1172 1388 nec
1197 1321 1250 1388 vel

128 1409 258 1474 modica
287 1409 364 1474 mihi
392 1407 527 1474 facultas
550 1410 717 1474 vobiscum
738 1408 893 1496 loquendi
921 1407 974 1473 vel
1002 1408 1114 1473 saltem
1141 1406 1250 1471 aliua

126 1493 259 1559 videndi
281 1516 339 1558 vos
361 1495 456 1582 copia
478 1515 644 1558 occurrere
665 1515 762 1580 posse
775 1503 952 1642 putaretur.
988 1493 1075 1557 Hinc
1089 1429 1328 1558 assidebatna.

127 1577 299 1643 cardinalis
319 1577 444 1664 legatus
456 1579 621 1643 Romanae
644 1579 752 1642 curiae
799 1600 912 1642 omnus
927 1579 1042 1642 Petrus
1057 1576 1248 1663 Papyensis‚

85 1699 89 1706 ·
128 1661 374 1727 aecclesiasticis
395 1663 551 1747 negociis,
574 1683 636 1748 que
657 1671 765 1747 preter
792 1663 987 1747 presentiam
1015 1671 1156 1726 vestram
1188 1669 1249 1724 ter-

127 1746 249 1809 minare
270 1745 323 1808 vel
343 1744 473 1811 nolebat
494 1745 545 1810 vel
566 1766 632 1808 non
646 1744 784 1826 valebat,
806 1767 864 1810 vos
885 1748 1038 1811 interesse
1060 1745 1250 1829 deposcens,

128 1828 204 1894 hinc
231 1827 380 1894 astabant
400 1828 453 1894 vel
478 1829 583 1914 magis
610 1827 776 1894 irruebant
803 1829 902 1894 duces
941 1830 1075 1894 comites
1097 1837 1130 1892 et
1151 1829 1249 1893 totius

126 1913 307 1999 provintiae
328 1922 494 1998 magnates
516 1933 589 1976 cum
611 1912 677 1978 fere
698 1878 926 1979 innumerabili
942 1912 1079 1977 militum
1101 1921 1133 1977 et
1151 1911 1249 1976 clien-

127 2009 198 2062 tum
220 1996 435 2077 multitudine,
459 2017 540 2083 quos
566 1994 792 2082 undecumque
819 2019 857 2061 eo
887 2004 1093 2063 contraxerat
1113 1997 1250 2082 impera·

126 2083 206 2147 toris
229 2092 261 2146 et
280 2093 386 2145 vester
408 2080 464 2145 diu
484 2081 708 2168 prenuntiatus
729 2090 762 2144 ct
783 2081 900 2146 cotidie
922 2090 1091 2167 suspectus
1112 2090 1144 2144 et
1165 2080 1250 2144 citis-

128 2167 207 2230 sime
228 2167 429 2230 necessarius
451 2186 510 2253 pro
532 2163 689 2229 aecclesia
715 2165 748 2227 in
770 2187 849 2252 paee
871 2165 991 2231 tuenda
1017 2165 1052 2228 in
1073 2163 1250 2250 expeditio-

126 2271 201 2314 nem
232 2250 428 2315 Saxonicam
458 2261 570 2316 contra
597 2246 791 2334 singularem
822 2258 854 2314 et
881 2249 984 2314 ferum
1012 2271 1127 2335 aprum
1157 2247 1249 2313 illurn

128 2333 365 2400 devastatorem
386 2335 499 2398 vineae
521 2333 674 2397 Domini¹
699 2356 858 2417 egressus,
879 2333 949 2398 aliis
979 2333 1019 2398 de
1042 2331 1191 2396 cubiculo
1213 2333 1249 2396 in

127 2417 323 2499 cubiculum,
346 2418 385 2482 de
401 2416 534 2482 consilio
550 2417 584 2481 in
606 2416 772 2482 consilium
786 2438 846 2482 vos
868 2416 1077 2499 trahentibus,
1099 2414 1170 2482 aliis
1192 2439 1248 2480 ex-

126 2524 254 2600 pensas,
276 2500 346 2566 aliis
361 2503 616 2589 redemptionem
632 2502 917 2588 oppigneratorum
940 2501 1153 2587 exigentibus,
1176 2499 1247 2565 aliis

126 2595 280 2652 mcertam
296 2587 457 2652 exercitus
472 2586 676 2652 eductionem
690 2585 949 2686 prestolantibus.
972 2636 980 2652 .
996 2635 1004 2651 .
1020 2633 1028 2650 .
1045 2584 1250 2672 Sequebatur

126 2691 186 2735 vos
217 2668 387 2734 multitudo
421 2692 593 2756 procerum
623 2680 656 2735 ct
690 2671 916 2770 rmpingebant
946 2670 980 2734 in
1009 2671 1108 2754 ostia,
1137 2670 1248 2734 invitis

127 2764 160 2819 ct
180 2774 245 2817 non
266 2751 448 2819 valentibus
470 2775 578 2820 arcere
598 2753 671 2819 illos
693 2757 840 2820 ostrarirs.
857 2805 865 2820 .
881 2805 913 2822 ..

129 2968 162 2988 ..
186 2969 194 2986 .
217 2975 223 2988 .
248 2969 255 2984 .
278 2929 382 2984 totum
404 2923 581 3005 negotium,
596 2944 653 3008 pro
676 2888 739 3069 spuo
761 2921 874 2987 Leodii
896 2932 1072 2987 conventus
1093 2924 1154 2989 iste
1174 2909 1274 3009 pro-l·
1284 2938 1335 2981 21⁰·

127 3025 235 3070 cerum
270 3002 421 3069 collectus
449 3014 507 3087 est,
541 3005 583 3070 ad
612 3005 786 3070 aeccesiae
818 3005 987 3071 utilitatem
1018 3005 1188 3072 inflectatis
1217 3018 1249 3073 et

127 3088 363 3154 dissensionum
377 3097 594 3174 tempestates,
610 3110 692 3176 quae
706 3087 835 3154 horride
849 3090 1026 3172 imminent,
1048 3093 1080 3153 in
1096 3091 1248 3176 tranquil-

126 3171 249 3238 litatem
271 3173 498 3238 convertatis..
514 3218 522 3235 .
538 3221 546 3238 .

127 3266 240 3326 ...ut
261 3279 327 3323 non
349 3255 452 3335 solum
473 3279 606 3342 presens
620 3277 790 3342 procerum
809 3265 995 3338 conventus,
1017 3253 1075 3320 sed
1096 3266 1129 3322 et
1148 3259 1248 3343 impe·

126 3341 214 3408 rialis
229 3339 304 3407 aula
318 3351 350 3406 et
364 3343 539 3428 imperator
552 3342 621 3428 ipse
640 3341 790 3490 deqcorde
802 3351 833 3406 et
844 3363 899 3406 ore
910 3349 1015 3406 vestro
1027 3340 1174 3426 pendeat.
1190 3388 1199 3405 .
1215 3388 1223 3405 .
1239 3389 1248 3406 .

210 3509 295 3576 Nam
317 3518 350 3574 et
368 3511 520 3596 preterito
549 3531 634 3574 anno
660 3511 695 3574 in
723 3508 970 3596 quadragesima
995 3529 1112 3593 magno
1134 3507 1335 3574 Leodiimu·

126 3592 267 3658 adunato
294 3615 464 3679 procerum
491 3603 670 3676 conventu,
698 3595 783 3658 inter
809 3593 875 3657 duo
895 3613 996 3677 regna
1022 3593 1088 3656 iam
1108 3593 1249 3692 graviter
1259 3613 1326 3656 naa.

127 3677 323 3759 dissidentia,
334 3700 375 3743 ne
395 3678 529 3744 ulterius
549 3679 584 3742 in
605 3678 794 3742 alterutrum
811 3686 1027 3760 moverentur,
1049 3675 1248 3776 opp1tulante

126 3783 203 3826 vero
224 3761 361 3845 pacifico
383 3763 500 3828 summi
514 3761 613 3848 Regis
628 3761 712 3827 Filio
727 3783 841 3848 pacem
857 3758 991 3826 solidam
1006 3762 1195 3828 restituisti²
1217 3773 1249 3829 et

127 3845 290 3910 civitatem
312 3846 324 3908 i
348 3867 417 3910 sam
439 3843 543 3912 stultis
571 3855 605 3911 et
628 3847 840 3911 interminatis
867 3844 1081 3932 quorumdam
1109 3849 1248 3933 questio-

126 3929 221 3994 nibus
251 3950 294 3993 ex
316 3867 380 3994 lide
401 3939 434 3994 et
454 3930 607 3995 misteriis
636 3930 740 4017 ipsius
767 3929 843 3995 fidei
866 3930 943 3994 ortis
965 3931 1184 4016 perturbatam
1206 3932 1249 3997 ad

126 4014 257 4078 unitatis
280 4013 436 4078 catholice
458 4035 649 4078 consensum
671 4013 853 4079 revocando
870 4014 1056 4079 correxistis
1078 4024 1110 4080 ct
1129 4015 1248 4082 nudius

125 4098 242 4163 tercius
275 4098 390 4162 iterato
423 4097 564 4162 adventu
586 4108 619 4165 et
639 4120 778 4163 excursu
813 4096 1016 4186 prolungato,
1052 4099 1137 4166 inter
1165 4099 1248 4166 duos

124 4183 298 4269 principes,
330 4182 447 4246 ducem
477 4180 600 4248 scilicet
621 4182 854 4250 Lovaniensem
884 4193 917 4249 et
944 4182 1094 4249 comitem
1115 4184 1248 4270 Hayno-

126 4347 155 4409 1)
174 4343 322 4396 Haaricam
340 4344 455 4397 Leonem
477 4343 608 4414 intelligit.
721 4347 751 4414 2)
775 4347 816 4414 Qf.
842 4345 973 4417 stpehani
999 4345 1072 4400 Com.
1097 4345 1246 4414 Aquicicct.

127 4435 153 4469 a.
176 4418 255 4482 1182,
275 4417 326 4470 sa.
352 4418 399 4482 vr,
413 4436 445 4484 p.
464 4419 527 4470 420.

942 4507 1011 4574 21*
