3098 4982
278 350 331 402 296
373 347 561 402 CHRONIOA
574 347 687 400 auelli
700 346 952 400 COLONIENSIS.
974 345 1077 398 CONT.
1087 347 1120 398 V.
1140 348 1173 400 A.
1186 346 1265 397 1248.
1279 346 1359 399 1249.

202 545 267 585 ress.
279 517 432 605 Apuliam
458 515 625 604 processit.
710 514 790 579 Post
818 514 911 580 cuius
938 536 1100 580 recessum
1121 513 1292 597 Henricus,
1314 513 1406 580 filius

280 625 355 669 suus
377 601 543 683 naturalis,
570 621 629 664 rex
652 597 810 680 Sardinie,
839 601 873 662 in
895 599 1123 683 congressione
1152 599 1262 664 habita
1288 606 1408 664 contra

279 686 511 752 Bolonienses¹
532 692 606 772 post
632 682 764 768 longam
794 682 1054 765 decertationem,
1084 703 1182 769 quam
1211 691 1339 748 strenue
1369 692 1407 747 et

279 769 412 836 viriliter
434 776 631 851 exercuerat,
652 767 805 832 tandeml’
827 765 930 832 lassus
952 767 1078 854 capitur
1099 776 1132 832 et
1146 767 1290 833 custodie
1311 789 1406 831 man-

280 856 308 919 ci
334 864 406 919 atur
414 867 436 917 ¹.

310 877 332 941 p
365 937 490 1002 Eodem
504 958 588 1001 anno
604 936 717 1021 hyems
732 932 927 1021 inpartibus
942 934 1059 999 nostris
1074 944 1142 1000 tota
1155 944 1225 1000 erat
1239 942 1405 1022 corrupta,

303 1020 431 1087 luvialis
453 1031 485 1086 et
507 1022 637 1086 omnino
659 1020 803 1101 remissa,
831 1020 877 1083 ita
907 1017 1014 1145 qn0d⁰
1035 1040 1095 1118 per
1122 1029 1223 1085 totam
1251 1019 1405 1104 hyemem

279 1044 407 1171 duobus
428 1104 552 1186 diebus,
575 1113 607 1170 et
627 1104 688 1168 boc
710 1101 909 1189 interpolatis
933 1101 1086 1185 ,modica
1106 1102 1227 1189 glacies
1250 1113 1299 1168 est
1318 1103 1405 1169 visa.

280 1189 376 1256 Unde
397 1191 432 1254 in
454 1189 662 1275 subsequenti
683 1196 784 1253 estate
805 1186 924 1272 fruges,
955 1185 1031 1252 licet
1055 1186 1256 1252 abundanter
1284 1209 1403 1272 prove-

278 1275 411 1356 nissent,
446 1273 588 1338 fructum
617 1283 781 1358 speratum
807 1293 873 1335 non
900 1268 1087 1354 reddebant,
1124 1269 1200 1336 sed⁸
1228 1281 1261 1336 et
1278 1272 1404 1354 vinum,

278 1357 354 1424 licet
374 1357 520 1441 multum,
541 1377 607 1421 non
627 1356 709 1421 bene
730 1355 837 1442 potuit
857 1355 1021 1420 maturari.

654 1457 750 1522 Anno
772 1458 906 1521 Domini
931 1457 1021 1539 1249,

176 1584 241 1626 reor.
250 1588 270 1628 s.
280 1568 354 1647 post
374 1560 489 1625 festum
503 1559 736 1646 purificationis
751 1560 845 1625 beate
856 1560 977 1625 Marie‘
987 1559 1122 1644 virginis
1137 1582 1196 1624 rex
1207 1557 1403 1625 Wilhelmus

281 1644 409 1711 obsedit
423 1644 650 1709 Bobardiama
679 1643 823 1710 Induciis
844 1655 952 1710 autem
974 1642 1015 1708 ab
1032 1642 1201 1729 oppidanis
1218 1643 1404 1709 Bobardiess

279 1727 783 1877 {tittbttttttttt
798 1729 1068 1876 tittttfflttt
1088 1749 1164 1876 rib
1179 1728 1404 1879 {tlttltt’

280 1837 419 1962 obiibuit
439 1835 646 1982 resignatuni.
731 1836 878 1961 lntgerimi
902 1861 981 1962 ob'iit
1020 1834 1167 1981 ynidusk
1190 1835 1252 1960 Md
1269 1836 1403 1962 untindd

279 1980 567 2067 arehiepiscopus1,
595 1982 648 2044 vir
676 1981 902 2066 magnanimus
930 1990 962 2047 et
990 1981 1024 2044 in
1050 1979 1184 2066 agendis
1212 1919 1400 2046 industrius.

279 2064 392 2130 Olerus
426 2075 533 2130 autem
570 2073 602 2130 et
635 2065 775 2151 populus
804 2065 1097 2150 Moguntinensesm
1133 2075 1261 2151 pastore
1299 2065 1401 2152 [suof]

278 2149 431 2231 destituti,
454 2150 487 2212 in
508 2158 596 2214 tante
617 2150 817 2235 tempestatis
838 2150 966 2215 turbine
989 2147 1084 2213 celeri
1105 2158 1136 2213 et
1151 2170 1228 2213 sano
1251 2151 1302 2214 usi
1324 2172 1401 2214 con·

278 2233 361 2315 silio,
383 2232 494 2298 oculos
517 2255 593 2297 suos
615 2233 788 2318 dirigentes
811 2235 845 2296 in
866 2235 1147 2320 archiepiscopum
1162 2232 1400 2316 coloniensem,

277 2317 385 2404 ipsum
412 2319 607 2382 unanimiter
639 2326 671 2382 et
703 2317 904 2384 concorditer
935 2319 969 2381 in
996 2339 1091 2382 suum
1120 2316 1400 2405 archiepiscopum

278 2401 489 2488 postularunt.
533 2401 598 2482 Qui
628 2400 829 2466 Coloniensis
859 2397 1144 2488 archiepiscopusn
1173 2424 1271 2486 super
1296 2413 1399 2470 morte

278 2485 532 2572 archiepiscopi⁰
554 2487 683 2550 auimon
705 2485 827 2568 dolens,
849 2486 892 2549 ad
912 2507 1022 2570 regem
1046 2496 1208 2572 properat,
1230 2498 1400 2574 exceptus·

279 2591 341 2655 que
363 2592 383 2634 a
397 2569 482 2634 clero
498 2580 530 2634 et
543 2569 662 2655 populo
677 2570 732 2634 Mo
757 2569 898 2634 untinisr
915 2582 1013 2634 cumn
1034 2569 1214 2635 incredibili
1229 2571 1400 2637 affectione

278 2663 311 2720 et
335 2656 523 2735 reverentia,
550 2661 604 2716 tan
628 2675 705 2718 uam
734 2593 884 2718 defensor
911 2655 1014 2740 patrie
1044 2654 1252 2738 desideratus,
1278 2658 1401 2741 gratias

278 2739 344 2836 egit
365 2736 494 2822 lapides
517 2675 650 2821 singulis
674 2748 706 2803 et
726 2738 899 2820 universis,
922 2739 955 2801 in
976 2748 1122 2804 neutram
1145 2748 1253 2804 tamen
1274 2749 1401 2826 partem

277 2843 329 2884 vrr
351 2831 502 2886 constans
524 2829 556 2885 et
578 2822 715 2886 circums
741 2832 830 2887 ectus
852 2822 1035 2906 declinavit,
1056 2845 1116 2887 nec
1139 2822 1280 2888 oblatum
1302 2824 1401 2890 hono-

278 2926 346 2969 rem
368 2904 568 2969 admittendo
589 2927 649 2970 nec
671 2929 705 2972 re
719 2906 850 2988 utando,
873 2916 1013 2972 mentem
1035 2908 1179 2972 domini¹¹
1218 2929 1279 2994 ape
1302 2931 1403 2996 super

278 2988 340 3052 boc
361 2989 485 3080 censpit
505 2990 740 3075 requirendam.
773 2991 936 3056 Dominus
957 3001 1064 3056 autem
1103 3014 1175 3077 apa,
1193 2929 1272 3057 licet
1286 3013 1306 3055 a
1319 3016 1401 3058 nun-

278 3073 337 3136 ciis
359 3071 489 3138 viduate
511 3072 645 3140 ecclesie
668 3074 811 3140 sollerter
832 3083 864 3140 et
886 3074 1019 3141 sollicite
1040 3013 1233 3160 pulsaretur,
1256 3076 1403 3143 decrevit

278 3157 312 3220 in
334 3155 390 3220 tali
419 3158 618 3222 necessitatis
647 3160 779 3225 articulo
810 3162 889 3224 duas
917 3181 1071 3245 personas
1102 3161 1136 3222 in
1168 3171 1234 3226 tam
1265 3160 1398 3226 famosis

230 3277 232 3280 ·
278 3239 408 3306 sedibus
430 3241 764 3328 archiepiscopatunm
788 3255 898 3309 sancte
920 3243 1054 3309 ecclesie
1075 3243 1149 3329 plus
1171 3243 1277 3310 valere
1301 3267 1399 3332 quam

277 3348 391 3407 unam,
427 3327 650 3412 persuasitque
683 3326 887 3392 Coloniensir
922 3350 980 3392 suo
1018 3326 1151 3391 consilio
1184 3330 1399 3414 acquiescere.

277 3410 322 3474 Et
342 3412 389 3475 sic
410 3410 450 3475 de
472 3411 574 3496 ipsius
595 3411 825 3498 archiepiscopi
849 3412 1030 3476 coniventia
1043 3413 1248 3497 prepositus²
1264 3413 1401 3499 Mogun-

278 3495 386 3558 tinus⁵
422 3504 573 3579 provecte
606 3496 709 3577 etatis,
745 3495 889 3560 moribus
923 3505 954 3560 et
986 3495 1157 3561 sobrietate
1194 3497 1399 3582 conspicuus,

279 3577 446 3663 Moguntie
475 3579 510 3641 in
533 3578 732 3664 archiepisco
757 3601 812 3642 um
840 3588 889 3644 est
914 3589 1090 3665 promotus.
1175 3581 1254 3645 Post
1275 3579 1400 3646 obitum

279 3662 461 3748 Moguntini
488 3663 522 3725 in
543 3663 693 3748 proximo
716 3603 797 3728 obiit
818 3663 1032 3730 Traiectensis
1062 3665 1268 3750 episcopus³3
1302 3687 1401 3751 quem

280 3867 303 3920 a)
318 3867 437 3908 Solonion.
453 3868 507 3918 ΠΙ)
522 3865 639 3908 Βοὶοῆῐιῑ.
656 3867 705 3908 Dr.
756 3867 779 3921 b)
796 3869 811 3908 l.
829 3871 844 3908 t
860 3869 908 3910 Μ.
963 3866 984 3921 c)
1001 3872 1026 3908 ut
1040 3870 1089 3911 Da.
1136 3867 1161 3920 d>
1177 3869 1331 3919 interpolato
1347 3870 1398 3911 Da.

281 3926 303 3981 e)
318 3937 371 3967 nam
387 3927 467 3965 vinum
482 3927 530 3968 Μ.
612 3925 630 3975 l)
646 3925 702 3965 deest
717 3927 767 3968 Dr.
849 3927 873 3977 g)
890 3926 987 3968 sobora.
1002 3929 1049 3969 Dl.
1061 3929 1081 3968 2.
1160 3927 1185 3980 h)
1201 3929 1332 3977 Ingelheim
1347 3930 1399 3971 Da.

280 3985 298 4037 i)
314 3987 409 4026 Interes
423 3986 473 4025 Da.
554 3983 579 4036 k)
595 3983 695 4024 Sitridns
711 3985 761 4026 Da.
847 3983 865 4036 1)
883 3987 945 4030 srch.
961 3988 1023 4036 Meg.
1040 3988 1089 4027 Dr.
1172 3985 1204 4039 m)
1221 3988 1323 4034 mogunt.
1341 3989 1399 4038 DI,

279 4045 440 4095 Moguntlnen.
460 4044 508 4082 Da.
585 4043 609 4094 n)
626 4044 747 4088 decoros.
830 4043 853 4096 o)
870 4046 973 4096 episcopt
988 4047 1037 4088 Da.
1117 4043 1142 4096 p)
1159 4047 1332 4095 Moguntlncnsl
1348 4048 1397 4088 Da.

280 4103 304 4156 q)
322 4107 399 4146 etun.
416 4102 493 4152 lepide
509 4102 558 4145 Da.
618 4101 638 4154 r)
655 4102 730 4144 Goion
745 4104 800 4152 1³13
818 4103 941 4146 Gelonion.
963 4104 1014 4145 Dr.
1075 4103 1096 4158 s)
1112 4105 1214 4154 norunt,
1231 4106 1279 4144 Dt.

281 4269 309 4335 1)
329 4269 391 4321 Non
411 4286 480 4323 anno
502 4268 581 4333 1248,
601 4270 648 4322 sed
667 4289 737 4324 anno
764 4272 883 4339 sequenti
907 4273 1052 4340 imperator
1076 4272 1106 4324 in
1124 4272 1253 4340 Apuliam
1266 4273 1399 4340 processit

279 4343 836 4409 etcopioseatHentiusaBononiensibus.
854 4344 881 4398 O.
921 4346 951 4410 2)
962 4345 1138 4400 Christianus.
1177 4344 1207 4414 3)
1221 4346 1278 4398 Otto
1289 4347 1346 4400 ΙΙΙ.
1363 4348 1398 4400 A.
