2988 5058
270 416 419 468 GOSVINI
438 417 486 466 DE
506 415 662 470 EXPUGN.
682 415 861 468 SALAOIAE
882 415 1039 468 CARMEN.
1159 413 1212 464 349

634 587 716 639 VIII.

175 679 341 732 GOSVINI
356 679 413 729 DII
428 677 739 738 EXPUGNATIONE
755 675 945 730 SALAGIAII
962 676 1127 730 OARIIEN.

234 789 414 854 QUOMODO
434 789 550 840 CAPTA
570 789 657 840 FUIT
676 789 842 840 ALOASER
860 791 884 840 A
903 789 1069 841 FRANOIS.

179 894 348 980 Signicies
370 893 486 956 mentis
507 891 594 956 hona
615 893 757 978 corporis
781 893 852 958 ocia
874 903 1019 979 carpunt,

241 979 285 1042 Et
307 979 402 1041 citius
424 986 513 1040 motu
535 978 591 1062 qui
613 987 701 1042 caret
722 978 824 1041 amnis
847 977 919 1042 olet

178 1061 273 1128 Culta
294 1062 356 1125 nisi
378 1061 497 1125 fuerint
517 1059 569 1125 vei
589 1070 677 1125 tecta
698 1060 749 1125 vel
770 1083 858 1144 arva,
882 1072 1062 1136 senescunt,

240 1147 295 1212 Fit
315 1145 460 1231 neglecta
481 1147 547 1210 suis
568 1147 662 1244 spina
683 1167 823 1210 noverca
843 1147 934 1210 rosis.

132 1244 150 1294 5
175 1230 261 1312 Quid
283 1229 398 1315 mage?
421 1250 547 1316 queque
569 1239 632 1293 situ
651 1229 791 1294 sordent.
828 1230 975 1294 Metuens
997 1229 1076 1293 mihi
1097 1229 1159 1294 tale

241 1313 306 1378 Sed
328 1324 435 1378 tamen
457 1323 507 1378 est
528 1335 651 1394 sensus,
675 1313 753 1397 quid
776 1312 854 1377 mihi
877 1313 994 1399 quidve
1016 1313 1085 1378 fuit.

177 1398 275 1479 Quod
297 1420 400 1483 nuper
421 1419 517 1462 cruce
539 1397 673 1484 signatis
695 1407 854 1480 evenerat,
877 1419 953 1461 ecce

241 1481 366 1564 Scribo,
388 1481 464 1546 licet
483 1480 540 1546 vili
562 1481 717 1547 carmine:
740 1480 876 1563 Christe,
897 1481 988 1546 fave!

178 1567 291 1633 Scribo
313 1567 370 1631 sed
392 1565 514 1652 quare?
540 1566 683 1651 Tempus
705 1564 780 1630 licet
801 1587 894 1630 omne
916 1563 1072 1648 revolvas,

119 1665 155 1713 10
240 1650 352 1748 Usque
373 1650 470 1714 modo
493 1649 611 1714 sterilis
633 1659 666 1713 et
687 1651 755 1714 sine
777 1671 881 1714 messe
902 1649 959 1713 fui.

180 1733 244 1799 Sed
267 1735 345 1797 mihi
366 1735 479 1797 messis
503 1734 573 1814 erit,
596 1732 767 1797 scribendo
791 1733 877 1818 quod
900 1735 971 1798 ocia
992 1732 1112 1815 tollam,

240 1817 290 1881 Ne
311 1817 433 1881 vicium
455 1826 590 1902 carpant
610 1817 762 1880 interiora
785 1813 879 1880 bona.

180 1901 266 1986 Ergo
289 1900 409 1965 scribo:
431 1899 504 1964 fave
549 1903 583 1964 ui
603 1901 705 1965 trinus
728 1923 763 1964 es
785 1911 817 1965 et
838 1900 930 1965 Deus
951 1922 1044 1983 unus,

241 1985 287 2050 Ut
308 1995 364 2049 tua
386 1922 575 2048 chnsticoiis
596 1985 738 2074 pandere
759 1984 845 2049 facta
866 1984 998 2070 queam!

121 2085 156 2135 15
179 2069 250 2135 Ac⁸
272 2079 317 2150 tu,
341 2089 449 2153 queso,
472 2066 554 2149 fave,
578 2069 631 2131 cui
652 2069 795 2132 carmina
816 2079 926 2134 nostra
946 2067 1102 2150 laborant,

244 2153 306 2218 Oui
327 2153 438 2238 petreb
461 2151 549 2216 Petri
570 2151 677 2216 cimba
697 2151 838 2237 regenda
859 2152 961 2219 datm.

179 2240 266 2304 Ecce
287 2246 378 2300 tuum
401 2249 536 2300 11011011Ι
560 2236 667 2322 quinis
690 2235 788 2302 hahet
808 2259 878 2301 esse
899 2237 1022 2322 figuris,

243 2321 288 2386 Ut
309 2319 423 2408 quino's
445 2342 559 2385 sensus
581 2342 656 2384 cum
676 2321 799 2384 ratione
820 2342 923 2405 regas.

180 2407 235 2473 81ο
258 2408 290 2477 S
313 2415 345 2470 et
366 2409 400 2475 11
445 2406 576 2486 emines,
599 2413 634 2468 ut
655 2425 746 2468 amor
766 2406 915 2489 geminus
938 2427 1034 2490 super
1055 2413 1140 2469 astra

121 2507 158 2555 20
243 2490 291 2554 Te
312 2489 412 2555 levet:
456 2491 486 2553 ic
508 2489 615 2553 fratris
637 2498 687 2553 est
708 2510 807 2570 amor,
828 2487 881 2552 ille
903 2488 977 2553 Dei.

178 2573 326 2639 Invenies
348 2582 481 2658 septem,
504 2573 675 2638 numeres‘¹
697 2575 724 2637 si
747 2594 893 2660 quasque
914 2574 1045 2659 figuras,

243 2657 289 2722 Ut
310 2668 341 2722 te
362 2670 494 2742 septeno
517 2680 648 2723 munere
668 2680 809 2743 pneuma
830 2658 913 2722 beet.

181 2740 269 2822 Quid
283 2762 390 2804 moror
410 2741 484 2804 hic‘?
506 2751 581 2828 peto
601 2743 819 2828 propositum3
841 2741 951 2806 faveas
966 2740 1055 2825 mihi,
1072 2741 1225 2812 Christe!¹

245 2825 368 2889 (101110ο
388 2823 510 2908 fovens,
531 2836 567 2891 tu
588 2849 640 2891 me
661 2826 811 2912 complue
833 2847 905 2890 1010
927 2826 997 2891 tuo!

123 3014 158 3063 25
180 3003 273 3071 Vota
293 2998 479 3083 peregrinos
502 3000 667 3083 cupientes
690 2998 812 3065 solvere
835 3000 1003 3086 quosdam,

243 3082 397 3146 Diversae
418 3081 513 3146 horas
535 3083 591 3168 qui
613 3093 743 3148 tenuere
764 3086 871 3165 maris,

180 3169 292 3232 Annos
313 3167 348 3230 in
370 3165 534 3230 Christum
557 3189 631 3230 cum
653 3165 757 3230 volvis
778 3165 865 3230 mille
888 3166 1044 3230 ducentos

242 3251 355 3315 Dencs
376 3272 451 3314 cum
474 3259 606 3334 septem,
629 3252 735 3336 patria
757 3271 884 3335 queque
906 3250 1020 3334 gemit:

179 3333 359 3400 Innumeris
381 3333 503 3398 ratibus
526 3333 692 3399 sulcarunt
713 3356 842 3421 equora,
864 3334 982 3398 Faram

125 3434 160 3483 30
244 3420 410 3484 Venenmt
430 3416 548 3504 plures,
571 3418 712 3504 dampna
733 3416 835 3482 tulere
857 3419 957 3502 prius.

179 3503 243 3567 Hic
265 3525 357 3567 mora
377 3502 423 3584 fit,
444 3525 544 3567 naves
566 3513 693 3584 coeunt,
714 3504 839 3568 iuratur
859 3503 894 3566 in
914 3522 1024 3583 unum,

243 3587 323 3651 Dux
344 3586 476 3672 legitur,
499 3587 610 3652 statuit
631 3589 703 3651 iura
724 3585 863 3651 tenenda
885 3587 962 3650 suis.

179 3670 269 3734 Aura
290 3669 393 3751 datur,
414 3692 502 3735 mare
525 3669 666 3735 sulcatur
688 3693 785 3771 quam
807 3669 955 3756 pluribus
976 3667 1067 3750 alnis,

243 3752 398 3839 Portugal
418 3754 541 3819 ratibus
564 3765 650 3820 terra
670 3755 827 3820 vrvenda‘
846 3762 942 3840 patet.

124 3851 157 3901 31
179 3837 295 3902 Portus
315 3838 482 3922 transitur,
504 3839 655 3904 irascitur
674 3838 785 3921 Eolus,
808 3848 912 3904 armat

242 3921 348 3985 Euros
368 3923 402 3985 in
424 3922 573 4007 classem3
597 3923 721 4022 deperit
740 3945 820 3988 aura
840 3922 962 3991 favens.

179 4005 333 4069 Anchcra
353 4005 442 4070 nulla
463 4017 566 4072 ratem
588 4017 713 4090 retrnet,
736 4009 812 4095 quia
833 4008 926 4072 restis
949 4008 983 4071 in
1004 4007 1068 4071 ista

242 4089 424 4175 Rumpitur.
467 4091 532 4156 Hic
552 4092 651 4157 verrit
672 4092 812 4156 anchora
832 4093 918 4157 iacta
939 4089 1054 4156 solum.

101 4268 122 4322 a)
136 4269 210 4316 scu.
246 4267 270 4322 b)
286 4273 438 4324 10001100.
477 4271 498 4326 c)
515 4274 587 4316 11101.
628 4272 651 4326 d)
668 4285 799 4316 munerare.
838 4273 1030 4326 0)1,0.(1011010.
1064 4270 1215 4324 1)11101(101

106 4419 131 4486 1)
149 4419 270 4474 Suerius.
