3098 4982
208 382 396 436 CHRONIGA
415 382 527 435 REGIA
548 382 801 435 COLONIENSIS.
822 382 926 435 CONT.
938 382 990 434 111.
1011 387 1044 438 Δ.
1057 385 1137 437 1219.
1193 388 1246 444 rte

522 553 686 608 Benenato
705 555 730 607 I.
749 564 779 608 et
798 554 840 608 II.

132 639 248 691 suntad
267 641 363 706 ripam.
400 638 437 688 Et
455 639 495 689 sic
508 639 641 688 veraciter
660 637 855 704 deprehensum
876 643 925 700 est,
944 639 1100 692 Damiatam
1119 645 1178 697 sola
1196 650 1248 699 vir·
1260 657 1313 700 ore.

131 718 188 764 tute
208 711 352 776 divinain
377 727 471 762 manus
498 711 701 762 christianorum
725 711 782 762 lore
806 710 974 763 tradendam.
1012 714 1137 782 Denique
1162 721 1248 772 chri-

131 787 243 837 stiani
266 786 434 837 immemores
463 782 655 835 beneficiorum
679 785 735 835 Dei
763 790 791 835 et
818 785 979 836 mirabilium
999 803 1068 852 qnae
1087 794 1248 846 ostendit

132 860 197 920 eis,
221 863 436 925 provocaverunt
460 856 553 908 ocnlos
580 858 688 908 divinae
712 858 861 909 maiestatis
888 864 982 909 contra
999 876 1029 910 se
1047 877 1096 928 per
1115 863 1247 918 desidiam

130 933 260 983 maiorum
280 939 307 983 et
325 932 547 983 murmurationes
567 932 728 982 minoruma.
765 930 844 982 Unde
863 932 964 982 factum
985 939 1035 994 est,
1059 941 1097 1000 nt,
1128 953 1246 992 commu.

129 1005 209 1057 uibus
222 1006 391 1072 exigentibus
411 1004 505 1072 culpis,
519 1005 547 1053 in
564 1004 745 1056 decollatione
764 1006 852 1055 saneti
870 1005 999 1057 Iohannis
1019 1007 1161 1075 baptistae,
1180 1013 1356 1072 licetrluma

129 1080 232 1144 pauci
256 1080 447 1140 invenirentur,
476 1079 522 1144 qni
547 1079 575 1128 iu
598 1077 721 1129 custodia
747 1083 893 1130 castrorum
918 1088 1096 1143 remanerent,
1122 1086 1246 1138 navalem

130 1157 157 1202 et
185 1157 336 1204 terrestrem
367 1154 513 1202 exereitum
546 1153 665 1218 equitum
694 1157 721 1202 et
748 1151 870 1217 pediturn
903 1153 1058 1218 educentes,
1090 1156 1125 1206 ad
1158 1167 1247 1212 castra

129 1225 330 1276 Babiloniornm
350 1227 493 1276 tenderent
511 1225 580 1276 inter
599 1240 672 1275 marc
685 1230 712 1274 et
725 1225 844 1285 fluvium,
862 1225 910 1275 uhi
924 1225 1010 1277 duleis
1024 1242 1095 1293 aqua
1107 1235 1247 1298 reperiri
1397 1289 1401 1295 ,

129 1314 184 1348 non
203 1304 310 1365 poterat
325 1299 361 1349 ad
381 1298 537 1366 potandum,
556 1297 747 1364 Hospitalariis
758 1298 851 1349 Sancti
864 1299 993 1349 Iohannis
1013 1307 1044 1351 et
1061 1300 1153 1368 legato
1172 1306 1245 1357 redis
1327 1308 1330 1311 ’

129 1371 267 1422 Romanae
288 1378 315 1423 et
333 1373 495 1439 patriarcha,
515 1373 561 1437 qui
581 1387 687 1422 crucem
701 1371 847 1436 baiulabat,
867 1372 978 1422 multum
993 1379 1020 1424 et
1032 1374 1130 1426 frustra
1143 1379 1249 1446 suppli·

129 1446 261 1509 cautibus,
289 1453 320 1497 nt
344 1447 528 1497 subsisterent.
567 1446 635 1496 Nam
660 1461 731 1495 curn
751 1451 823 1496 estus
842 1445 907 1496 solis
934 1454 1028 1497 esset
1050 1450 1189 1515 nimius,
1219 1459 1246 1503 et

127 1518 234 1584 pedites
253 1535 385 1570 armomm
398 1519 517 1586 pondere
535 1525 767 1584 premerentur,
786 1524 927 1586 propter
942 1520 1053 1571 nimium
1071 1521 1192 1575 laborem
1212 1532 1246 1577 et

128 1592 220 1642 sitim
240 1598 317 1659 terga
336 1593 440 1656 dantes,
465 1608 537 1642 cum
558 1592 692 1658 equitibus
712 1594 824 1643 extincti
841 1596 910 1654 sunt,
936 1593 994 1643 sine
1013 1595 1166 1649 vulneribus
1187 1614 1244 1649 eor-

128 1672 245 1717 ruentes.
295 1666 331 1716 At
362 1667 513 1728 sarraceni,
546 1668 592 1731 qui
623 1665 736 1716 sublatis
768 1667 889 1716 tentoriis
920 1666 1011 1730 fugam
1044 1669 1244 1735 simulaverant,

130 1738 289 1790 videntes
328 1739 507 1790 defectum
546 1739 831 1801 christianorum,
875 1741 1012 1790 reversi
1055 1741 1244 1807 plurimam

129 1812 387 1864 multitudinem
419 1812 690 1862 interficiebant
725 1817 757 1862 et
790 1812 1027 1878 captivabant.
1075 1814 1155 1882 Capti
1182 1823 1245 1870 snut

127 1885 166 1935 ibi
187 1886 291 1938 electus
314 1878 509 1937 Belvaoensisb
536 1890 563 1935 et
586 1886 668 1936 frater
692 1885 749 1935 eins
776 1885 937 1935 camerarius
963 1888 1035 1950 regis
1054 1887 1187 1941 Franciae
1217 1898 1245 1943 et

126 1957 284 2022 filiuseius,
308 1960 392 2010 frater
409 1959 614 2024 Andegavensis
639 1959 769 2024 episcopi,
796 1973 855 2007 cum
875 1957 995 2009 Iohanne
1022 1959 1055 2008 de
1074 1962 1161 2022 Arcis,
1185 1965 1243 2015 viro

126 2032 211 2082 nobili
231 2040 258 2084 et
276 2033 356 2084 valde
376 2038 511 2095 strennuo,
537 2037 564 2082 et
583 2032 727 2081 Heinricns
747 2030 780 2080 de
800 2031 880 2082 Ulme
900 2036 927 2082 et
947 2031 995 2081 alii
1019 2033 1104 2094 multi,
1125 2037 1170 2100 qui
1188 2043 1242 2088 tru-

127 2105 212 2157 cidati
230 2114 291 2157 sunt
310 2113 338 2157 et
355 2108 383 2156 in
403 2106 586 2172 captivitatem
606 2105 696 2166 ducti3
714 2103 861 2170 Templarii
875 2104 909 2153 33
924 2106 996 2171 capti
1015 2105 1059 2155 vel
1079 2110 1163 2159 occisi
1182 2116 1244 2161 suut

126 2193 187 2228 cnm
206 2180 391 2231 marescalcoc
411 2178 551 2246 hospitalis
565 2179 659 2230 Sancti
673 2177 801 2228 Iohannis
816 2193 874 2227 oum
894 2177 956 2229 aliis
975 2178 1100 2230 tratribus
1123 2182 1243 2234 eiusdem

127 2250 228 2304 domus.
275 2254 464 2304 Persecutores
494 2251 529 2302 ad
559 2251 732 2302 deducendos
761 2243 890 2317 captivos'
914 2257 942 2302 et
969 2251 1056 2317 spolia
1088 2255 1243 2320 colligenda

124 2325 233 2376 tandem
252 2328 396 2391 redierunt,
415 2327 564 2394 quingenta
583 2326 673 2392 capita
692 2325 896 2375 christianorum
915 2324 1027 2375 soldano
1046 2335 1242 2393 presentantes.

123 2400 212 2450 Meron
236 2407 269 2451 et
294 2402 455 2453 tristicia
477 2398 610 2450 fideles
636 2399 789 2465 occupavit,
815 2397 863 2449 sed
884 2398 959 2449 Deus
985 2400 1014 2448 in
1038 2400 1114 2450 brevi
1140 2401 1242 2454 luctum

124 2489 215 2525 eorum
234 2475 413 2539 ingaudium,
432 2489 561 2524 merorem
578 2474 606 2523 in
618 2471 739 2523 leticiam
756 2470 895 2522 convertit.
932 2473 1000 2522 Nam
1014 2473 1142 2524 soldanus
1160 2492 1241 2528 unum

124 2546 158 2597 de
178 2549 291 2612 captivis
311 2550 427 2608 mittens,
453 2547 486 2597 de
513 2562 580 2613 pace
600 2541 665 2597 vell
690 2551 787 2610 treuga
813 2561 872 2595 cum
899 2546 938 2596 eis
962 2551 1078 2597 tractare
1104 2550 1188 2614 cepit;
1212 2549 1241 2599 in

123 2636 176 2686 quo
196 2624 312 2671 tractatu
322 2622 450 2671 fossatum
465 2625 562 2670 suum0
582 2625 608 2670 ct
628 2620 788 2670 munitiones
808 2619 877 2670 alias
893 2626 1086 2686 reparaverunt
1105 2620 1240 2674 alacriter.

122 2694 231 2743 Interea
260 2695 354 2744 civitas
384 2693 523 2744 obsidione
553 2693 642 2758 longa,
674 2693 753 2755 ferro,
783 2693 854 2742 tame
884 2698 911 2743 et
938 2693 1094 2760 pestilentia
1123 2697 1241 2760 graviter

122 2767 234 2828 afflicta,
260 2768 288 2816 in
312 2766 372 2816 sola
395 2782 473 2832 pace,
502 2781 582 2832 quam
601 2765 728 2817 soldanus
753 2766 856 2816 civibus
881 2768 1015 2833 promisit,
1043 2784 1119 2834 spem
1142 2772 1239 2836 posuit.

120 2839 197 2890 Adeo
218 2841 336 2889 enimin
356 2854 389 2889 ea
412 2839 497 2888 fames
516 2838 638 2901 invaluit,
663 2845 693 2890 ut
712 2839 766 2889 cibi
785 2839 981 2890 desiderabiles
1000 2840 1134 2893 deessent.
1171 2844 1239 2894 Nam

121 2929 155 2963 ex
174 2914 299 2978 angustia
324 2912 402 2962 famis
428 2911 534 2962 diversa
559 2906 728 2962 morborumr
752 2928 854 2977 genera
878 2914 1013 2964 vexabant
1033 2930 1092 2977 eos;
1119 2920 1147 2964 et
1171 2918 1241 2967 inter

121 2992 213 3037 cetera
231 2987 410 3045 incommoda,
436 3000 505 3050 quae
524 2987 714 3047 sustinuerunt,
738 2986 861 3037 noctibus
882 2985 957 3037 velut
975 2988 1094 3038 aorisia&
1111 2992 1239 3054 percussi,

120 3062 220 3125 apertis
237 3060 321 3110 oculis
342 3058 425 3109 nichil
444 3058 537 3108 videre
558 3057 725 3109 dicebantur.
772 3057 832 3108 Illis
858 3060 939 3109 ctiam
965 3061 1011 3123 qui
1034 3060 1098 3111 foris
1117 3063 1145 3110 in
1165 3078 1239 3114 exer·

120 3135 175 3184 citu
185 3132 392 3185 Sarracenorum
406 3147 455 3182 nos
471 3131 634 3182 obsederunt
652 3132 731 3196 copia
742 3132 820 3196 panis
834 3137 862 3181 et
874 3130 967 3197 pabuli
981 3134 1054 3198 cepit
1069 3133 1237 3186 decrescere.

122 3206 199 3257 Nilus
218 3206 362 3273 siqnidem,
391 3207 436 3272 qui
465 3211 526 3271 post
550 3206 647 3256 festum
673 3205 759 3256 sancti
786 3203 915 3255 Iohannis
935 3204 1070 3270 baptistae
1089 3222 1173 3271 usqne
1203 3207 1343 3258 adruunt.

123 3280 314 3331 exaltationem
339 3285 449 3330 sanctae
475 3279 562 3329 crucis
588 3277 656 3329 solet
675 3291 832 3328 excrescere
852 3282 880 3327 et
898 3278 999 3344 Egypti
1018 3278 1162 3343 planiciem
1181 3281 1349 3334 ini-sepau.

82 3349 90 3360 “
121 3370 195 3419 gare,
214 3356 291 3421 ipso
311 3369 381 3404 anno
400 3367 473 3403 more
493 3368 541 3402 suo
560 3367 613 3403 non
632 3350 756 3402 ascendit
774 3351 809 3400 ad
829 3352 944 3416 signum,
964 3351 1036 3416 quod
1056 3368 1156 3417 ponere
1175 3369 1238 3404 con-

121 3433 266 3478 sueverunt
278 3427 397 3493 Egyptii,
418 3433 445 3476 et
464 3441 589 3490 magnam
608 3430 712 3491 partem
732 3430 820 3474 terrae
838 3425 939 3475 siccam
960 3424 1077 3490 reliquit,
1098 3441 1167 3490 qnae
1188 3441 1239 3477 nec

122 3502 191 3550 arari
219 3516 271 3551 uec
298 3501 424 3552 seminari
451 3504 557 3566 poterat
585 3514 632 3548 suo
661 3503 791 3564 tempore.
841 3497 920 3548 Unde
949 3497 1078 3549 soldanus
1103 3500 1238 3551 caristiam

121 3575 218 3624 timens
239 3578 267 3624 et
284 3574 391 3633 famem,
411 3575 492 3624 etiarn
512 3588 603 3622 amore
622 3570 779 3622 retinendae
789 3572 942 3634 Damiatae,
961 3571 1044 3621 talem
1063 3587 1157 3638 pacem
1179 3589 1239 3625 cnm

121 3646 202 3696 fratre
224 3661 273 3697 suo
294 3646 429 3697 Ooradino
449 3646 601 3697 christianis
620 3644 727 3708 obtulit,
747 3651 776 3695 nt
796 3660 902 3695 crucem
921 3651 1049 3707 sanctam,
1070 3661 1139 3710 quae
1160 3651 1240 3713 cepta

121 3718 172 3769 fuit
190 3721 218 3769 in
231 3720 345 3770 victoria
356 3719 487 3781 saladini,
508 3734 567 3769 cum
583 3719 693 3769 civitate
705 3723 801 3769 sancta
814 3724 842 3769 et
854 3718 976 3770 omnibus
990 3720 1112 3784 captivis,
1133 3721 1178 3785 qui
1191 3735 1240 3787 per

42 3819 51 3832 ·
121 3807 233 3856 regnum
253 3792 399 3857 Babylonis
419 3799 447 3843 et
466 3793 596 3843 Damasci
614 3793 670 3842 vivi
687 3793 799 3858 reperiri
816 3797 935 3859 possent,
960 3798 1080 3858 sumptus
1104 3794 1184 3843 etiam
1204 3793 1240 3843 ad

121 3864 284 3932 reparandos
309 3881 397 3916 muros
422 3866 597 3928 iherusalem,
622 3865 756 3928 redderet,
786 3866 896 3932 insuper
920 3881 1032 3929 regnum
1058 3865 1239 3917 lherosolimi·

121 3943 213 3989 tannm
235 3937 355 3989 totaliter
382 3941 546 4002 restitueret,
571 3944 661 4005 preter
680 3937 810 3989 Graccum
837 3944 865 3988 et
885 3939 1004 3990 Mentem
1023 3938 1163 4004 Regalcm,
1191 3957 1239 4007 pro

121 4013 218 4078 quihus
237 4011 385 4063 retinendis
405 4013 530 4063 tributum
545 4011 642 4062 obtulit
657 4011 785 4078 quamdiu
797 4017 892 4078 treuga
906 4012 1022 4063 duraret.
1062 4013 1130 4064 Sunt
1148 4019 1239 4064 autem

120 4084 172 4136 hec
191 4085 244 4137 duo
263 4085 326 4136 loca
344 4087 373 4135 in
391 4086 493 4136 Arabia
517 4086 579 4145 sita,
603 4090 706 4151 septem
733 4086 894 4136 munitiones
918 4084 1083 4137 firmissimas
1101 4085 1239 4150 habentia,

122 4216 145 4269 a)
161 4218 279 4258 iuniorum
296 4217 328 4259 Ol.
343 4218 390 4260 cod.
450 4214 891 4267 n)e1.ne1.eleoruscr;ner.elect.
909 4218 952 4260 02.
1013 4215 1035 4268 c)
1056 4218 1238 4267 monosticon

119 4278 299 4318 marscalect't.
330 4275 354 4329 d)
367 4276 440 4317 etot.
470 4275 493 4328 e)
508 4276 564 4316 deest
580 4275 622 4317 01.
653 4274 841 4327 limembrcrnnr,
856 4287 963 4326 caperer.
978 4283 1026 4325 port
1041 4278 1093 4324 alio,
1109 4281 1134 4316 nt
1148 4278 1239 4324 vidam,

119 4346 197 4375 mana:
213 4337 252 4378 vel
266 4336 460 4386 morbornt13
476 4335 631 4376 membrorum
647 4335 685 4375 vei
706 4335 838 4377 morborum
859 4335 972 4386 generali
982 4337 1002 4378 2.
1017 4336 1070 4386 Fa,-
1085 4336 1239 4376 membrorum

121 4395 254 4436 morborum
269 4405 355 4445 genera
371 4396 412 4438 ol.
422 4395 443 4434 2.
504 4392 528 4446 g)
545 4394 632 4434 aorisia
645 4405 702 4434 corr.
719 4395 803 4434 acrisia
819 4394 861 4437 02.
