3122 4978
272 417 323 468 182
380 416 568 469 eunomus
587 417 699 470 snum
719 413 973 482 coneum-Nera
993 415 1096 466 CONT.
1110 414 1148 465 11.
1167 413 1199 466 A.
1216 414 1295 465 120⁷.

270 605 362 649 suam
380 583 479 650 ¹letus
515 593 547 648 et
581 580 690 647 hilaris
722 583 903 648 revertitur.
987 581 1114 647 Eodem
1154 590 1298 666 tempore
1330 602 1389 644 rex

270 667 441 816 Philippus
462 666 561 731 filiam
584 689 676 731 suam
697 666 763 730 filio
786 666 878 731 ducis
893 665 1068 731 Brabantie
1089 675 1226 751 nuptum
1247 663 1389 729 tradidit.

370 753 457 838 gitur
478 751 685 816 Innocentius
699 773 802 899 papa,
825 751 935 816 divino
955 760 1071 898 utputa
1091 751 1245 814 instinctu
1266 769 1391 848 premo-

268 837 365 919 nitus,
388 835 621 923 speculatorem
643 858 677 900 se
723 857 813 900 omus
828 835 963 899 Domini
1007 833 1053 898 ele
1077 844 1164 898 atum
1187 832 1391 898 cons1derans

269 929 301 985 et
322 921 574 1006 permutationes
597 941 701 984 rerum
731 942 789 1005 per
811 917 972 984 declivum
994 857 1191 984 infidelitatis
1212 929 1244 982 et
1265 915 1391 981 malicie

268 1005 376 1068 iusum
391 1006 482 1090 vergi
496 1004 714 1090 perpendens,
738 1003 821 1068 duos
845 1002 1033 1085 cardinales,
1048 1001 1191 1068 Leonem
1214 1001 1338 1065 scilicet
1360 1011 1391 1066 et

268 1087 487 1173 Hugelinum³
510 1088 693 1154 Ostiensem
716 1088 915 1173 episcopum,
937 1088 1023 1151 viros
1045 1087 1091 1151 uti
1116 1108 1156 1150 ue
1178 1085 1337 1151 industria
1358 1094 1390 1150 et

268 1173 302 1236 in
326 1177 398 1237 enio
429 1171 578 1238 callentes
612 1194 650 1236 ac
684 1173 769 1236 circa
797 1171 862 1235 Dei
895 1169 1061 1236 ecclesiam
1094 1109 1266 1236 devotione
1293 1178 1389 1235 atus

268 1195 423 1342 refigione
451 1258 650 1342 perspicuos,
682 1257 717 1319 in
748 1265 857 1342 partes
880 1253 1063 1340 Cisalpinos
1092 1255 1210 1319 direxit
1231 1253 1273 1318 ad
1293 1192 1389 1317 inlbr·

269 1340 421 1405 mandam
454 1350 486 1405 et
518 1339 770 1404 confirmandam
804 1361 919 1426 pacem
951 1350 991 1404 et'
1010 1340 1165 1404 unitatem
1195 1345 1304 1403 sancte
1324 1339 1390 1402 Dei

268 1422 413 1506 ecclesie,
451 1445 513 1510 que
550 1447 592 1489 ex
627 1424 825 1489 dissensione
861 1422 999 1487 duorum
1034 1445 1147 1508 regum
1178 1421 1322 1509 Philippi
1357 1432 1390 1486 et

269 1509 398 1574 Ottonis
424 1509 509 1572 inter
535 1507 648 1572 mundi
678 1508 773 1572 huius
807 1507 951 1572 turbines
972 1506 1131 1572 fluctuans
1161 1508 1229 1570 sine
1257 1507 1387 1592 remige,

268 1593 337 1656 sine
358 1603 492 1675 rectore,
518 1592 687 1677 naufragio
713 1593 810 1656 nimis
832 1590 1011 1678 procelloso
1040 1592 1236 1677 iamiamque
1264 1590 1390 1676 pericli·

266 1677 329 1740 tari
361 1675 540 1742 videbatur.
591 1677 765 1750 Venientes
797 1685 905 1740 autem
937 1677 1002 1739 iam
1035 1676 1113 1740 dicti
1146 1674 1323 1739 cardinales
1356 1676 1389 1738 in

291 1770 376 1826 artes
405 1759 594 1843 Galliarum,
621 1761 663 1824 ad
691 1759 877 1846 Philippum
905 1782 1014 1845 regem
1041 1758 1248 1840 diverterunt,
1277 1782 1297 1823 a
1324 1779 1388 1845 quo

266 1783 405 1929 benigne
441 1866 481 1908 ac
512 1844 688 1910 honorilice
720 1845 873 1930 suseepti,
908 1867 967 1930 per
998 1852 1097 1908 totam
1134 1853 1269 1908 estatem
1301 1841 1389 1928 apud

265 1930 372 2014 ipsum
410 1929 701 1993 commorabantur.
760 1928 913 1994 Summus
950 1929 1047 1992 etiam
1081 1926 1297 2014 Aquileiensis
1332 1947 1389 2013 pa-

265 2012 414 2095 triarcha,
443 2015 494 2078 vir
514 2014 649 2099 inquam
675 2013 756 2078 mire
785 2013 956 2098 probitatis
983 2022 1016 2076 et
1037 2011 1230 2098 eloquentie,
1259 2031 1388 2075 consur-

265 2118 345 2182 gens
378 2119 421 2161 ex
457 2097 610 2179 adverso,
653 2119 782 2160 murum
816 2119 850 2160 se
880 2097 989 2195 posuit
1020 2118 1079 2194 pro
1118 2096 1213 2159 domo
1243 2095 1388 2175 Domini,

266 2189 417 2266 stansque
446 2183 480 2245 in
508 2179 610 2266 prelio
643 2182 677 2244 in
710 2181 762 2245 die
789 2179 924 2244 Dommi
957 2179 1104 2244 simrliter
1136 2190 1168 2244 et
1198 2181 1268 2265 ipse
1300 2179 1389 2264 apud

266 2263 432 2329 dominum
477 2285 572 2362 apam
600 2274 632 2329 et
657 2265 821 2351 predictos
848 2285 941 2347 reges
968 2286 1028 2349 pro
1056 2285 1136 2349 pace
1159 2274 1191 2328 et
1216 2263 1390 2328 concordia

265 2347 391 2434 agenda
423 2286 558 2412 fidehmr
583 2349 708 2413 institit.
793 2347 966 2412 Heinricus
995 2348 1295 2432 Wirzeburgensisb
1324 2348 1389 2433 epi-

237 2453 384 2519 —seopus
427 2433 539 2497 obiise.
645 2428 835 2518 Philippusd
878 2432 1001 2495 curiam
1030 2433 1108 2496 satis
1152 2431 1310 2497 celebrem
1352 2432 1388 2495 in

148 2536 207 2588 ros.
218 2537 253 2580 rs.
265 2517 487 2603 assumptione
524 2525 633 2580 sancte
669 2515 771 2580 Maris
806 2514 984 2580 Northusin
1026 2538 1086 2600 per
1128 2516 1195 2580 dies
1231 2515 1387 2602 plurimos

265 2599 390 2682 habuit,
412 2599 470 2664 ubi
490 2609 557 2663 tam
571 2601 641 2686 ipse
664 2621 761 2686 quam
783 2609 814 2663 et
833 2598 910 2663 Otto
929 2622 989 2664 rex
1003 2621 1129 2664 necnon
1151 2608 1183 2664 et
1204 2598 1388 2684 patriarcha

266 2705 341 2747 cum
374 2682 591 2748 cardinalibus
620 2682 830 2768 pluribusque
864 2683 926 2748 sibi
959 2685 1087 2748 sociatis
1119 2682 1320 2770 principibus
1346 2682 1387 2748 de

264 2789 347 2854 pace
369 2777 401 2832 et
423 2768 594 2831 concordia
615 2769 650 2830 in
663 2788 764 2850 regno
781 2767 1006 2854 componenda
1020 2768 1192 2832 instantius
1207 2767 1385 2851 agebant¹;

264 2873 377 2916 verum
399 2849 592 2937 quibusdam
615 2852 722 2915 causis
747 2871 860 2936 paoem
889 2849 1115 2933 eximentibus,
1144 2851 1263 2916 infecto
1290 2849 1385 2914 huius

264 2936 314 3000 rei
334 2936 475 3020 negotio,
498 2934 677 3000 discessum
699 2943 756 3017 est,
778 2934 919 3021 indeque
931 2935 1161 3020 Quidilinburg
1182 2935 1386 3017 divertentes,

265 3040 325 3166 pro
347 3018 461 3084 eodem
483 3021 612 3104 negotio
638 3018 774 3085 fideliter
804 3040 934 3104 operam
956 3021 1087 3084 dabant.
1175 3018 1253 3084 Otto
1275 3040 1384 3084 comes

288 3124 306 3166 e
340 3101 452 3168 Gelrin
492 3104 572 3169 obiit
609 3105 638 3168 8.
668 3102 742 3167 Kal.
772 3102 954 3188 Septembr.
1022 3103 1243 3170 Willehelmus
1276 3124 1383 3167 comes

264 3185 452 3253 Iuliacensis
476 3187 556 3252 obiit
576 3190 606 3252 4.
627 3187 737 3252 Nonas
759 3185 932 3252 Novembr.
1018 3187 1114 3253 Circa
1135 3189 1251 3254 festum
1274 3197 1385 3252 sancte

158 3271 365 3338 ossuaLucie
387 3271 474 3358 apud
498 3271 775 3356 Quidilinburg0·²
798 3270 934 3335 Adolfus
956 3272 1218 3357 archiepiscopus
1241 3294 1261 3336 a
1283 3271 1385 3335 cardi-

149 3362 154 3370 '
264 3355 391 3421 nalibus
424 3355 482 3420 tali
506 3365 601 3441 pacto
628 3379 648 3420 a
674 3355 782 3420 banno
816 3353 1002 3437 absolvitur,
1037 3379 1077 3421 ne
1111 3377 1175 3443 qua
1201 3356 1325 3420 ratione
1351 3356 1385 3419 in

264 3450 381 3506 terram
405 3462 496 3504 suam
518 3461 660 3506 remeare
681 3449 854 3525 presumat,
884 3461 1052 3526 quousque
1075 3441 1218 3504 Romane
1242 3440 1328 3504 curie
1351 3461 1386 3504 se

235 3591 239 3596 ,
264 3523 426 3607 exhibeat,
455 3524 610 3588 offensam
633 3524 756 3588 domini
777 3543 861 3608 pape
883 3523 1074 3587 omnimodis
1096 3523 1225 3609 placare
1248 3523 1384 3605 studeat,

265 3609 293 3672 si
314 3609 395 3674 forte
416 3608 594 3672 amicorum
623 3629 755 3672 suorum
782 3605 903 3670 auxilio
932 3629 990 3692 per
1011 3607 1076 3672 Dei
1097 3607 1292 3672 adiutorium
1314 3629 1384 3692 gra-

264 3693 344 3756 tiam
371 3692 514 3758 obtinere
536 3690 650 3756 valeat.
695 3692 803 3756 Bruno
834 3711 962 3788 quoque
989 3694 1162 3778 episeopus
1190 3714 1210 3755 a
1231 3689 1383 3778 Philippo

263 3798 340 3874 rege
368 3775 553 3861 captivitate
580 3774 729 3858 solvitur,
757 3773 902 3840 similiter
927 3783 960 3840 et
992 3776 1061 3861 ipse
1094 3776 1231 3841 Romam
1254 3775 1384 3923 profici-

265 3869 373 3942 sc1tur,
405 3860 563 3946 premisso
591 3870 699 3923 tamen
726 3857 950 3924 sacramentali
975 3861 1165 3943 iuramento,
1188 3881 1252 3947 quo
1298 3861 1384 3924 omni

263 4089 287 4142 a)
303 4090 451 4140 Hugelimurt
467 4089 515 4131 Aa.
574 4090 597 4143 b)
614 4092 788 4141 Wtrzenburgts
805 4090 854 4132 Aa.
925 4090 946 4142 o)
963 4092 1018 4132 deest
1034 4091 1081 4134 Aa.
1143 4090 1166 4145 d)
1179 4097 1230 4142 post
1245 4094 1316 4145 suppl.
1334 4092 1384 4136 As.

263 4148 287 4200 e)
304 4149 501 4199 Qulndtnltnburg
517 4149 564 4192 Aa.

266 4335 294 4404 1)
315 4333 355 4403 qr.
376 4334 472 4388 caron.
497 4313 632 4404 ureae,
653 4333 703 4388 ss.
725 4336 837 4401 xrrrr,
852 4355 884 4404 p.
905 4339 968 4389 svo.
1044 4337 1072 4403 a)
1100 4335 1173 4388 coar.
1198 4337 1260 4389 111.
1285 4335 1381 4390 ream

263 4409 312 4462 hoc
330 4407 467 4477 Augustae
479 4409 586 4477 factum
604 4411 701 4477 reform
722 4411 756 4476 of.
776 4411 956 4464 Wiokalmcnn
975 4410 1001 4474 I,
1016 4427 1047 4476 p.
1067 4411 1137 4472 430;
1159 4410 1201 4476 II,
1216 4427 1249 4477 p.
1270 4411 1334 4463 534.
