3122 4978
297 395 348 447 1⁷2
378 395 565 450 cunoulcs
583 396 697 450 Rnffls
716 391 969 451 conoulansls.
988 398 1091 450 CONT.
1102 398 1140 449 11.
1159 399 1192 450 Δ.
1205 396 1285 449 1202.
1298 397 1379 448 1203.

99 599 103 612 ·
174 588 232 648 ep„
249 598 283 639 14,
294 563 424 651 positis,
453 565 486 628 in
520 564 602 628 festo
638 572 746 629 sancte
776 565 880 630 crucis
914 566 1058 630 Xantum
1089 566 1275 652 preteriens,
1304 565 1338 627 in
1359 565 1408 628 ira

294 669 412 734 magna
433 658 465 713 et
486 648 689 713 multitudine
710 651 804 734 gravi
825 659 941 714 terram
964 651 1089 714 comitis
1110 650 1256 733 intravit3
1279 657 1410 734 postera

294 732 347 797 die
369 756 411 797 ex
430 731 550 797 iudicio
579 741 611 796 et
636 735 793 798 sententia
814 756 911 820 super
932 756 970 798 ea
991 736 1241 800 examinaturus.
1291 731 1408 797 Comes

293 838 369 882 vero
392 839 524 881 cernens
553 839 587 881 se
615 819 713 882 totius
740 818 870 882 honoris
891 839 929 882 ac
952 817 1117 905 dignitatis
1144 816 1321 883 inevitabili
1348 817 1409 879 cir-

294 901 520 967 cumvallatum
552 901 738 987 dispendio,
766 901 975 1002 hominesque
1005 925 1080 966 suos
1107 913 1173 967 tam
1208 903 1274 966 vite
1310 922 1407 987 quam

293 1008 401 1051 rerum
439 1007 589 1084 supremo
628 984 801 1134 periclitari
836 985 1033 1069 discnmme,
1061 987 1135 1052 licet
1167 988 1304 1068 invitus,
1337 1006 1410 1048 sera

292 1079 400 1135 tamen
420 1070 607 1156 penitudine
653 1078 753 1153 uetus,
770 1072 921 1137 Ottonem
944 1093 1062 1157 regem,
1077 1069 1229 1136 Adolfum
1252 1068 1408 1155 archiepi·
1483 1103 1487 1110 ·

294 1176 429 1240 scopum
444 1153 588 1252 aliosque
602 1155 765 1240 principes
786 1177 845 1241 pro
852 1177 941 1302 1pace
962 1154 1132 1220 sollicitare
1158 1176 1254 1241 opere
1269 1155 1408 1240 pretium

294 1239 396 1306 duxit.
438 1238 518 1302 Dux
539 1247 648 1325 rtaque
669 1248 831 1304 tantorum
864 1247 1030 1324 agatorum
1053 1240 1202 1304 continua
1227 1236 1407 1323 interpella-

293 1324 380 1388 tione
400 1322 545 1409 pulsatus
566 1321 760 1410 tandemque
787 1322 941 1405 devictus,
969 1323 1093 1405 annuit,
1115 1323 1176 1388 hac
1198 1332 1306 1387 tamen
1334 1342 1407 1384 con-

294 1407 454 1488 ventione,
475 1415 511 1470 ut
531 1407 638 1492 ipsum
654 1409 803 1471 comitem
819 1408 871 1471 die
893 1407 1059 1494 designato
1083 1407 1144 1473 sibi
1170 1407 1408 1472 satisfacturum

293 1490 436 1556 Lovanie
458 1489 650 1555 exhiberent
671 1513 803 1577 seseque
824 1513 884 1578 pro
906 1514 944 1557 eo
975 1490 1103 1557 obsides
1132 1513 1171 1555 ac
1203 1490 1408 1555 fideiussores
1520 1491 1523 1496 ’

235 1633 238 1646 ,
294 1584 503 1660 exponerent.
537 1577 610 1654 Quo
624 1574 719 1658 facto,
735 1586 869 1660 accepta
884 1577 1053 1642 securitate
1072 1574 1303 1657 sacramentali,
1318 1594 1408 1637 arma

294 1681 489 1745 manumque
512 1657 664 1741 cohibuit,
686 1681 725 1723 ac
747 1661 794 1723 sic
815 1659 947 1724 dimisso
969 1662 1122 1742 exercitu,
1145 1683 1214 1725 sese
1235 1661 1269 1722 in
1290 1669 1408 1724 terram

294 1743 458 1830 propriam
480 1741 622 1808 contulit¹
679 1743 758 1807 Post
779 1743 838 1807 hec
859 1745 971 1830 paucis
991 1745 1158 1809 transactis
1193 1744 1307 1809 diebus
1330 1742 1407 1808 Otto

295 1848 403 1892 comes
432 1836 601 1891 conmeatu
630 1827 758 1893 Ottonis
779 1849 814 1891 re
838 1829 874 1909 is,
897 1827 1005 1893 Adolfi
1033 1828 1231 1915 archiepisco
1257 1830 1277 1910 i,
1299 1825 1408 1891 Adolfi

295 1911 421 1976 comitis
447 1912 624 1976 Lovaniam
653 1914 797 1993 accessit,
815 1851 895 1976 duci
923 1935 958 1977 se
985 1914 1190 1998 presentavit,
1221 1852 1349 1976 obsides
1370 1931 1409 1973 ac

295 1994 497 2060 fideiussores
524 1993 671 2062 absolvit.
718 1997 805 2059 Hinc
827 1996 895 2061 dux
909 2019 966 2082 per
984 1996 1126 2061 triduum
1142 1996 1251 2062 habito
1267 1994 1408 2077 consilio,

294 2081 393 2144 tercio
416 2079 546 2144 demum
568 2080 619 2144 die
641 2081 770 2144 semitas
792 2089 824 2144 et
839 2082 944 2145 exitus
959 2081 1085 2146 viarum
1106 2081 1277 2163 observari,
1299 2088 1409 2166 portas

296 2164 374 2229 seris
403 2185 441 2228 ac
470 2163 616 2228 vectibus
644 2165 816 2249 obfirmari,
844 2167 965 2231 civitati
994 2165 1156 2230 custodias
1179 2165 1325 2252 deputari
1352 2185 1409 2250 po·

295 2247 470 2335 pulumque
492 2257 642 2324 cunctum
664 2251 755 2334 signo
777 2251 901 2313 notorio
924 2250 1093 2322 convocari
1114 2249 1288 2314 mandavit.
1331 2249 1409 2334 Ipsa

296 2342 390 2399 nocte
417 2332 552 2396 Adolfus
580 2331 852 2419 archiepiscopus,
879 2333 1015 2398 Adolfus
1047 2354 1164 2415 comes,
1193 2335 1300 2397 nescio
1329 2331 1408 2431 quid

297 2414 372 2481 mali
394 2426 450 2481 aut
471 2415 535 2480 doli
557 2419 766 2502 suspicantes,
788 2419 878 2503 equis
900 2419 1052 2499 ascensis,
1075 2440 1171 2482 cursu
1195 2417 1408 2500 velocissrmo,

296 2500 331 2564 fu
355 2523 372 2566 e
393 2499 534 2587 presidio
558 2523 592 2564 se
612 2500 819 2567 tradidersmt.
864 2503 1009 2582 Quorum
1031 2501 1176 2567 absentia
1198 2500 1266 2565 dux
1291 2499 1408 2583 audita,

296 2586 331 2648 in
356 2585 516 2670 ’gnatione
538 2585 737 2669 permaxima
763 2595 937 2671 permotus,
966 2587 999 2649 in
1032 2607 1090 2650 sua
1119 2609 1278 2674 quemque
1303 2584 1408 2648 redire

297 2669 450 2755 precepit,
473 2669 620 2732 comitem
642 2691 718 2733 vero
741 2670 906 2754 captivum
933 2692 1043 2736 secum
1064 2671 1204 2736 retinuit.
1258 2670 1321 2751 Qui
1344 2689 1408 2733 non

297 2752 396 2817 multo
419 2762 492 2838 post
514 2753 725 2818 conventione
740 2752 825 2818 facta
839 2756 859 2819 6
875 2754 1003 2819 milibus
1018 2777 1199 2819 marcarum
1215 2777 1249 2819 se
1263 2753 1408 2835 redemit,

337 2837 435 2901 stiam
474 2834 628 2918 obtinuit,
665 2836 811 2923 adeoque
851 2839 971 2924 pariter
1010 2840 1205 2904 confederati
1249 2848 1337 2919 sunt,
1373 2847 1409 2902 ut

297 2860 381 2984 dlius
403 2920 528 2985 comitis
550 2919 775 3006 desponsatam
790 2922 852 2988 sibi
864 2922 963 2987 filiam
978 2923 1068 2988 ducis
1083 2925 1242 3010 acciperet
1248 2933 1406 2986 uxorem¹

299 3052 464 3070 ......
472 3015 495 3068 ⁸.
544 3003 660 3070 Comes
687 3004 868 3089 Hollandie,
898 3006 980 3072 datis
1011 3009 1193 3094 quingentis
1225 3007 1341 3071 marcis
1370 3026 1409 3070 ac

298 3099 381 3155 terre
411 3111 469 3154 sue
499 3110 564 3153 non
591 3088 718 3154 modica
767 3091 950 3174 uentitate²‚
978 3091 1048 3156 loco
1080 3090 1201 3156 scilicet
1230 3092 1285 3177 qui
1313 3091 1408 3156 Mons

299 3175 416 3240 Sancte
439 3172 626 3239 Gertrudis³
648 3112 837 3261 appellatur,
860 3175 936 3240 duci
951 3176 1138 3257 contradita,
1153 3177 1339 3263 captivitate
1359 3196 1408 3239 so-

297 3257 392 3341 lutus,
412 3259 597 3323 revertitur.-

534 3364 628 3426 Anno
650 3360 809 3426 dominice
830 3362 1057 3426 incarnationis
1081 3363 1172 3428 1203.

382 3443 549 3531 Lupoldus
571 3446 744 3531 episcopus
766 3468 840 3510 cum
863 3469 895 3509 m
962 3468 980 3510 ο
1007 3445 1082 3512 belli
1104 3469 1145 3532 ap
1171 3457 1261 3512 aratu
1281 3443 1407 3511 Italiam

299 3528 404 3595 denuo
425 3531 585 3628 ingressus
607 3540 686 3610 est4,
702 3539 894 3616 cunctaque
932 3530 1023 3595 itioni
1042 3470 1216 3617 apostolice
1232 3529 1409 3596 attinebant

297 3612 381 3678 ferro
403 3624 437 3679 et
458 3617 527 3698 rgni
547 3612 702 3678 hostiliter
723 3613 889 3678 devastare
913 3637 949 3679 ce
973 3616 1006 3698 it,
1033 3617 1145 3681 insana
1172 3614 1330 3700 obligatus
1356 3614 1409 3679 de-

298 3689 496 3778 liberatione,
518 3697 545 3760 si
564 3695 646 3761 forte
668 3699 763 3762 minis
784 3706 816 3763 et
836 3637 1009 3764 terroribus
1031 3699 1176 3766 obtinere
1190 3699 1305 3782 valeat,
1322 3698 1408 3785 quod

299 3782 362 3844 iam
391 3779 519 3866 pridem
546 3781 698 3866 precibus
723 3805 786 3868 per
811 3785 946 3868 gratiam
974 3805 1040 3848 non
1067 3792 1202 3869 poterat.
1259 3783 1408 3864 Quodam

301 3941 324 3994 a)
338 3943 419 3984 militis
434 3943 485 3983 add.
502 3943 521 3982 A
531 3945 551 3991 t,
567 3944 605 3984 uss
614 3944 685 3994 plura
700 3945 771 3983 decen
786 3945 896 3990 videatur.

300 4093 327 4160 1)
357 4091 397 4161 Of.
421 4094 539 4146 obortam
563 4095 654 4146 datam
682 4097 795 4150 Traiecti
817 4115 903 4164 sceptra
921 4097 1025 4149 Morum
1044 4095 1078 4165 (s.
1099 4097 1139 4166 d.)
1165 4116 1190 4150 a.
1210 4099 1238 4150 d.
1257 4099 1309 4150 inc.
1331 4097 1409 4158 1202,

301 4167 360 4220 Orr.
372 4167 461 4236 Guelfi
475 4167 532 4231 III,
541 4185 569 4234 p.
582 4169 642 4221 ⁷66.
681 4172 711 4239 2)
725 4172 828 4224 duobus
847 4172 955 4223 milibus
968 4187 1115 4223 marcarum
1126 4174 1196 4224 Aah.
1210 4172 1344 4241 Epmuad.
1364 4172 1381 4223 l.
1393 4171 1410 4221 l.

297 4240 326 4310 3)
343 4241 588 4367 ¹⁹p'lsseptrapelevabocp.
627 4243 656 4311 4)
669 4245 694 4294 A
712 4245 836 4312 Philippo
855 4246 955 4313 leyatue
968 4243 1138 4308 constitutam
1156 4265 1181 4300 e.
1197 4245 1375 4298 Wokelmcea
1386 4243 1410 4308 1,

291 4333 322 4383 p.
399 4352 405 4366 .
