3122 4978
295 343 348 394 230
395 341 581 394 CHRONIOA
600 339 712 391 asam
733 337 987 392 COLONIENSIS.
1008 339 1110 391 CONT.
1122 339 1175 390 111.
1197 338 1229 390 A.
1242 338 1320 390 1209.
1335 339 1420 392 1210.

691 513 855 566 Benenate
877 513 901 566 I.
922 522 951 567 et
970 515 1012 564 II.

294 603 465 689 imperium
486 601 682 682 attinentem,
706 621 802 686 quam
816 601 959 685 regebat,
974 599 1214 685 magistratibus
1233 609 1265 664 et
1278 609 1421 685 potesta-

184 707 186 712 ·
294 687 380 752 tibus
395 686 505 750 insciis
521 694 553 749 et
566 685 762 767 inconsultis,
779 685 874 750 beato
888 685 1006 749 Petroa
1021 684 1162 748 tradidit.
1198 685 1290 764 Quae
1307 693 1419 748 tamen

294 780 516 870 postmortem
540 768 662 834 eiusab
678 771 723 833 im
748 769 926 834 eratoribus
948 769 1018 833 sedi
1039 768 1235 855 apostolicae
1257 767 1364 832 ablata
1387 779 1421 833 et

294 857 430 941 rmperio
457 855 604 919 restituta
632 865 689 918 est.
724 792 821 918 liano
842 855 941 938 igitur
962 865 1080 918 terram
1103 874 1190 938 papa
1211 862 1285 918 ante
1308 875 1420 918 conse-

294 940 469 1004 crationem
492 939 581 1004 eiusb
604 937 666 1003 sibi
687 939 812 1004 restitui
841 938 1019 1024 postulans,
1048 939 1223 1023 imperator
1250 945 1285 1000 ut
1313 959 1419 1001 novus

293 1024 390 1098 homo
413 1032 445 1087 et
465 1023 512 1088 rei
533 1023 660 1087 nescius
682 1023 796 1086 annuit
823 1035 855 1088 et
880 1024 1042 1108 promisit,
1072 1020 1128 1086 sed
1156 1031 1233 1108 post
1255 1042 1420 1086 consecra-

293 1109 423 1189 tionem,
435 1131 455 1170 a
469 1105 681 1192 potestatibus
697 1116 729 1171 ct
742 1108 983 1193 magistratibus
997 1113 1167 1170 revocatus
1183 1114 1215 1169 et
1228 1105 1421 1191 prohibitus,

294 1193 425 1256 minime
446 1192 594 1256 restituit.

380 1275 452 1340 Hoc
474 1297 557 1338 anno
588 1286 656 1339 erat
683 1285 788 1340 aestas
814 1275 972 1356 tonitruis,
1001 1273 1187 1338 fulminibus
1209 1284 1241 1338 et
1261 1273 1420 1338 imbribus

296 1359 390 1425 valde
411 1368 639 1446 tempestuosa,
663 1368 695 1423 et
716 1358 828 1444 hyems
850 1360 946 1422 nimis
961 1359 1145 1456 asperrima.

542 1447 573 1508 3.
595 1454 730 1507 annuat
754 1449 848 1506 Anno
870 1443 1003 1509 Domim
1027 1443 1119 1508 1210.

379 1526 489 1591 Novus
516 1529 691 1613 imperator
719 1529 753 1590 in
770 1526 864 1592 Italia
887 1538 1111 1609 commoratur,
1137 1548 1218 1611 quae
1244 1525 1421 1591 ordinanda

296 1620 327 1676 et
354 1611 554 1697 disponenda
608 1635 643 1676 er
671 1612 855 1697 provincias
878 1621 910 1677 et
932 1612 1077 1677 civitates
1105 1621 1194 1676 crant
1216 1611 1366 1674 ordinans
1389 1620 1422 1675 et

298 1695 492 1781 disponens3
514 1634 676 1782 Apuleam
697 1697 793 1761 etiam
815 1697 950 1782 imperio
977 1697 1144 1760 restituere
1172 1694 1294 1774 volens,
1323 1715 1421 1780 quam

297 1779 456 1865 Syculns1¹
479 1802 498 1843 a
518 1802 605 1867 papa
626 1783 660 1843 in
680 1780 775 1845 feado
798 1804 832 1845 se
854 1791 962 1846 tenere
984 1779 1174 1861 affirmabat,
1198 1801 1294 1865 quam
1317 1779 1421 1842 eciam

298 1865 429 1950 quidam
451 1864 633 1950 Rutgerus⁰
655 1866 783 1929 nomine
807 1865 970 1951 quondam
990 1865 1126 1950 imperio
1153 1865 1186 1928 vi
1212 1862 1352 1928 ablatam
1372 1862 1422 1926 in-

296 1958 432 2027 vaserat,
460 1951 639 2014 exercitum
672 1950 747 2013 satis
776 1952 943 2034 copiosum
976 1971 1035 2034 per
1070 1949 1228 2035 quosdam
1260 1948 1418 2033 primores

296 2042 399 2098 terrae
421 2031 507 2097 illius
529 2033 563 2096 in
585 2056 655 2098 earn
677 2035 864 2115 transmisit,
879 2056 960 2119 quos
982 2043 1094 2119 postea
1116 2033 1305 2098 subsecutus
1328 2033 1421 2097 iuxta

297 2116 444 2216 Capuam
467 2128 691 2182 commoratur.
725 2119 810 2182 Hinc
824 2119 1034 2203 gravissimae
1054 2117 1232 2182 discordiae
1254 2117 1296 2180 etf
1315 2116 1420 2180 inimi-

297 2202 397 2266 cierae
408 2202 491 2266 inter
503 2223 546 2287 pa
571 2225 624 2266 am
635 2212 667 2268 et
678 2203 785 2288 ipsum
798 2203 951 2267 oriuntur.
973 2202 1152 2288 Imperator
1163 2224 1182 2265 a
1192 2221 1279 2287 papa
1289 2222 1420 2265 excom-

296 2284 490 2351 municatur.
539 2225 728 2384 Ipmperator,
757 2309 815 2385 per
846 2287 991 2351 civitates
1020 2296 1053 2351 et
1074 2295 1201 2350 castras
1231 2285 1420 2350 custodibus

297 2368 469 2516 depugatis,
492 2392 533 2434 ne
556 2393 609 2435 cur
631 2370 773 2435 adeundi
794 2393 913 2456 papam
940 2392 1000 2456 pro
1027 2368 1133 2457 aliquo
1155 2370 1291 2455 negocio
1313 2369 1420 2450 liceat,

295 2455 378 2519 inter
401 2454 467 2518 icit.

381 2537 456 2602 Hoc
479 2560 562 2602 anne
585 2539 617 2601 in
639 2539 783 2604 adventu
804 2538 938 2603 Domini
960 2538 1092 2624 quidam
1106 2538 1311 2603 heresiarcha
1320 2537 1421 2602 Bern-

296 2620 440 2684 hardush
468 2623 596 2687 nemine
627 2644 700 2686 cum
732 2621 803 2686 aliis
832 2623 862 2704 9,
889 2645 1025 2708 quorum
1057 2625 1078 2688 4
1110 2622 1291 2688 sacerdotes
1320 2631 1421 2704 erant,

295 2705 439 2769 Parisius
472 2708 646 2788 venientes,
678 2706 803 2772 occulte
832 2717 1014 2793 pervertere
1043 2707 1198 2794 populum
1226 2706 1442 2772 nitebantur.'

297 2789 362 2868 Qui
390 2791 542 2877 episeopo
572 2791 692 2876 proditi
721 2791 1037 2876 comprehenduntur
1063 2804 1095 2857 et
1121 2813 1227 2856 coram
1259 2791 1422 2876 magistris

296 2882 329 2936 et
350 2872 434 2938 clero
458 2883 648 2939 statuuntur.
692 2874 758 2940 Sed
780 2897 853 2940 cum
876 2877 952 2940 satis
974 2898 1048 2940 cum
1070 2877 1116 2940 eis
1138 2876 1178 2940 de
1199 2875 1263 2940 fide
1278 2874 1422 2962 disputa-

184 2965 365 3021 batutum
386 2957 508 3040 finisset,
531 2958 571 3024 de
592 2959 696 3024 heresi
726 2961 864 3024 convicti
885 2968 917 3024 et
938 2981 1053 3044 aroge
1080 2961 1114 3024 in
1140 2958 1250 3044 vigilia
1277 2959 1421 3024 Thomae

296 3041 433 3126 apostoli
446 3043 596 3108 incendio
617 3046 722 3129 perire
744 3044 823 3108 iussi
845 3056 928 3108 sunt.
991 3046 1069 3130 Ipsa
1092 3045 1195 3109 eciam
1219 3044 1270 3108 die
1284 3052 1350 3107 tam
1367 3066 1422 3108 ve-

295 3124 554 3192 hementissimus
575 3137 689 3193 ventus
710 3128 780 3211 fuit,
803 3138 839 3192 ut
860 3151 919 3214 per
940 3129 1124 3214 provincias
1138 3128 1278 3214 plurima
1293 3127 1422 3193 edificia

296 3209 437 3276 deiceret
458 3222 489 3276 et
510 3211 640 3277 arbores
662 3214 821 3276 maximas
843 3212 986 3277 funditus
1009 3211 1166 3278 evelleret.

380 3295 505 3360 Eodem
520 3298 616 3362 etiam
627 3319 711 3362 anno
722 3296 850 3360 hortatu
866 3295 1035 3384 apostolici
1047 3295 1184 3384 plurima
1194 3296 1366 3362 multitudo
1379 3319 1422 3360 ex

295 3379 382 3442 omni
393 3380 542 3461 Francia
557 3379 677 3466 Anglia
698 3381 949 3466 etLotharingia
970 3402 1065 3446 omne
1087 3382 1204 3467 signati
1226 3381 1267 3446 ad
1290 3381 1419 3446 eosdem

295 3463 475 3549 Begginosi
497 3465 631 3550 profecti
653 3474 734 3530 sunt.
767 3466 832 3546 Qui
847 3464 1035 3531 ductoribus
1050 3474 1082 3529 et
1095 3466 1284 3549 rectoribus,
1304 3465 1421 3531 abbate

296 3547 418 3613 scilicet
440 3546 678 3634 (lysterciensi¹¹
701 3563 733 3616 et
754 3550 897 3635 Symone
919 3552 1035 3615 comite
1063 3549 1121 3613 del
1143 3550 1356 3615 Monte-forti
1379 3549 1421 3616 ad

295 3629 446 3694 Tolosam
480 3632 642 3699 civitatem
680 3635 926 3699 munitissimam
963 3633 1109 3716 deducti,
1144 3657 1214 3698 eam
1252 3634 1418 3699 obsidione

296 3715 475 3779 cinxerunt.
521 3717 587 3782 Sed
608 3718 695 3781 cives
718 3739 791 3781 curn
808 3716 917 3783 fideles
940 3726 972 3782 et
993 3717 1181 3782 christianos
1197 3741 1230 3782 se
1245 3718 1419 3784 faterentur
1471 3771 1476 3782 .

296 3806 328 3862 et
350 3820 370 3862 a
391 3798 550 3865 catholica
569 3800 633 3865 fide
654 3823 832 3888 numquam
857 3803 1035 3886 recessisse,
1058 3803 1198 3888 acceptis
1220 3803 1261 3868 ab
1289 3803 1334 3867 eis
1356 3803 1419 3868 200

296 3879 464 3947 obsidibus
498 3907 541 3949 ex
572 3883 769 3968 melioribus,
802 3897 1003 3952 recesserunt
1030 3896 1062 3952 et
1093 3896 1212 3951 terram
1241 3887 1417 3968 Remundi,

320 3967 354 4030 ui
376 3976 445 4031 erat
466 3969 573 4055 capud
587 3978 620 4034 et
633 3972 782 4056 princeps
805 3973 907 4036 tocius
928 3972 1146 4070 perversitatis
1161 3980 1193 4036 et
1206 3972 1248 4035 ab
1264 3972 1309 4036 eis
1327 3972 1419 4058 quasi

331 4073 388 4117 eus
417 4051 589 4133 colebatur,
619 4055 841 4138 intraverunt„
856 4077 963 4120 omma
992 4055 1232 4142 depopulantes,
1283 4055 1418 4119 uasdam
1526 4093 1533 4102 -

296 4137 394 4201 etiam
416 4137 560 4203 civitates
583 4161 656 4202 eum
678 4139 814 4205 castellis
837 4143 999 4225 capientes
1021 4149 1053 4204 et
1075 4162 1156 4226 quos
1180 4139 1222 4203 ad
1247 4077 1344 4205 iidem
1371 4161 1418 4203 re-

295 4281 386 4333 sedeat
402 4284 443 4324 01.
475 4282 562 4333 buceri
578 4285 626 4323 Bi.
659 4282 725 4334 e)18.
742 4286 795 4336 315
811 4286 867 4325 deest
881 4297 984 4326 uumerus
1000 4287 1044 4338 02,
1059 4285 1097 4325 ubi
1112 4286 1226 4326 dominica
1242 4287 1418 4328 incarnationis.

296 4342 319 4391 d)
341 4340 438 4382 seculus
454 4343 498 4385 01.
574 4342 596 4394 e)
612 4334 706 4393 altger.
724 4343 772 4395 025
792 4345 906 4394 notgerus
923 4347 964 4398 01,
980 4350 999 4385 et
1019 4345 1051 4384 ita
1070 4345 1140 4396 infra.
1200 4345 1219 4398 i)
1235 4350 1258 4386 ei
1280 4347 1297 4387 i.
1313 4347 1355 4386 des.
1372 4347 1418 4390 Bi.
1490 4335 1493 4344 ’

296 4402 321 4449 g)
337 4402 434 4442 castella
450 4403 498 4442 Bl.
566 4401 589 4454 h)
605 4404 719 4445 Bernard.
736 4404 779 4443 01.
796 4405 817 4444 2.
878 4403 897 4456 i)
912 4405 1033 4454 Beggenos
1049 4406 1095 4446 01.
1163 4403 1345 4457 k)0ysternensi
1359 4417 1417 4449 corr.

177 4471 179 4478 ⁴
235 4496 237 4502 ,
296 4459 452 4511 Gyrtereiensi
469 4461 523 4513 Bli
539 4462 684 4504 (linternensi
700 4463 746 4504 02.
806 4461 823 4514 l)
839 4463 867 4503 de
883 4465 961 4505 Monte
977 4465 1020 4505 dea
1037 4465 1080 4505 01.
