2988 5058
282 365 337 414 334
412 364 565 417 OLIVERI
583 361 742 413 annulo
762 362 812 411 DE
831 361 1082 412 EXPEDITIONE
1102 361 1319 412 DAMIATINA.

206 552 272 592 1219.
284 545 311 590 et
335 545 502 606 conceptum,
531 552 610 603 quem
636 538 694 588 sine
718 540 834 602 peccato
857 535 972 599 vixisse,
1000 535 1159 602 prophetam
1185 541 1212 586 et
1236 536 1299 603 plus
1325 551 1429 602 qnam

283 612 442 680 prophetam
468 610 633 678 profitentur,
659 625 739 660 cecos
762 608 938 673 illuminasse,
963 608 1084 675 leprosos
1110 609 1263 672 mundasse,
1287 614 1428 660 mortuos

283 687 437 748 suscitasse,
456 684 567 735 firmiter
585 690 721 746 asserunt;
740 683 850 732 verbum
871 688 900 732 et
917 683 1038 748 spiritum
1051 683 1106 732 Dei
1125 689 1153 733 et
1166 684 1255 736 vivum
1275 682 1313 732 ad
1335 683 1427 733 celos

284 759 439 810 ascendisse
457 757 576 808 credunt.
615 757 694 808 Unde
714 755 822 822 qnando
835 761 956 821 tempore
970 761 1124 821 treugarum
1136 758 1273 822 sapientes
1286 758 1425 822 ipsorum

284 832 488 882 lherosolimam
508 830 700 892 ascendebant,
727 829 837 879 codices
857 828 1064 894 ewangeliorum
1090 829 1142 880 sibi
1167 829 1347 894 postulabant
1373 845 1425 878 ex-

283 905 370 956 hiberi
394 912 421 956 et
440 904 630 956 osculabantur
654 909 682 954 et
699 903 897 984 venersgautur
915 908 1024 969 propter
1047 903 1207 953 munditiam
1225 902 1306 968 legis,
1326 917 1422 968 quam

142 988 189 1029 Lau
207 991 226 1041 1,
237 990 272 1031 aa.
285 979 406 1030 Christus
440 978 539 1041 docuit,
574 984 601 1027 et
625 978 740 1026 maxime
766 982 875 1042 propter
904 975 1080 1040 ewangelium
1109 977 1199 1028 Luce:
1232 974 1336 1027 Missae
1379 982 1422 1026 est

284 1052 394 1118 angelus
415 1051 532 1114 osbrat,
559 1051 631 1117 quod
661 1051 771 1101 litterati
797 1051 867 1100 inter
887 1065 932 1099 eos
952 1051 1043 1115 sepius
1061 1055 1186 1116 repetunt
1205 1057 1231 1100 et
1250 1054 1421 1100 retractant.

283 1127 340 1176 Lex
360 1133 449 1176 autem
469 1141 570 1187 eornm,
590 1140 669 1190 quam
690 1122 799 1173 diabolo
819 1123 939 1174 dictante
958 1125 1106 1173 ministerio
1126 1123 1215 1188 Sergii
1233 1122 1368 1174 monachi
1391 1127 1421 1172 et

283 1203 407 1266 apostate
434 1214 467 1248 ac
493 1199 606 1248 heretici
631 1197 817 1248 Machametus
844 1197 1007 1248 Sarracenns
1036 1196 1112 1247 dedit
1128 1196 1246 1247 Arabico
1267 1198 1418 1262 scriptam,

284 1288 301 1321 a
320 1271 412 1337 gladio
433 1272 513 1338 cepit,
538 1273 566 1322 in
591 1270 683 1334 gladio
709 1276 815 1321 tenetur
840 1276 867 1320 et
890 1270 918 1320 in
943 1269 1036 1334 gladio
1060 1271 1255 1321 terminabitur.
1292 1270 1416 1320 Macho-

283 1351 370 1396 metns
395 1346 446 1396 iste
469 1344 623 1394 illitteratus
647 1344 705 1407 fuit,
730 1345 801 1394 siout
824 1344 883 1409 ipse
908 1342 1046 1408 profitetur
1069 1345 1098 1395 in
1116 1343 1271 1394 Alchorano
1295 1359 1356 1406 suo,
1387 1347 1418 1393 et

284 1435 336 1484 que
356 1419 555 1484 prenominatus
576 1417 710 1468 hereticus
730 1418 850 1476 dictavit,
875 1418 927 1467 iste
946 1417 1126 1482 promulgavit
1145 1423 1172 1467 et
1190 1433 1239 1483 per
1259 1417 1415 1467 commina-

283 1494 371 1542 tiones
395 1492 532 1541 observari
555 1491 658 1542 statuit.
695 1490 859 1540 Luxuriosus
884 1491 955 1540 enim
980 1490 1031 1540 init
1055 1495 1082 1540 et
1106 1490 1260 1553 bellicosus,
1286 1491 1414 1556 ideoque

285 1564 319 1614 de
344 1564 505 1615 inmunditia
525 1571 551 1614 et
570 1566 688 1613 vanitate
714 1563 803 1628 legem
826 1565 927 1626 statuit,
954 1579 1034 1628 quem
1061 1564 1204 1614 carnaliter
1227 1566 1352 1614 viventes
1381 1565 1413 1613 in

283 1643 360 1705 parte
379 1637 526 1704 voluptatis
542 1636 655 1688 firmiter
673 1637 826 1687 observant.
863 1637 899 1686 Et
917 1638 987 1688 sicut
1012 1636 1100 1703 legem
1120 1643 1238 1688 nostram
1258 1638 1361 1688 veritas
1384 1641 1414 1687 et

286 1711 417 1762 munditia
441 1711 570 1771 muniunt,
594 1712 632 1761 ita
659 1726 774 1760 errorem
799 1711 917 1774 ipsorum
942 1711 1022 1760 timor
1046 1710 1197 1762 mundanus
1221 1716 1248 1760 et
1272 1711 1411 1760 humanus

284 1801 317 1835 ac
336 1783 460 1850 voluptas
480 1783 595 1834 carnalis
614 1783 764 1834 firmissime
784 1783 945 1834 custodiunt.

96 1859 100 1880 ¹
159 1877 225 1920 pm,
235 1878 271 1920 ³1.
357 1858 400 1909 11.
421 1858 453 1907 In
464 1858 507 1908 die
517 1857 664 1924 palmarum
674 1858 738 1907 anui
748 1858 890 1923 prescripti
899 1857 1002 1906 inimici
1011 1858 1094 1908 nostri
1104 1857 1188 1908 multa
1198 1858 1411 1908 comminatione

283 1931 438 1982 multotiens
458 1930 637 1997 [premissa⁸l‚
657 1931 728 1995 quod
747 1947 776 1980 se
795 1932 868 1995 ipsos
888 1929 932 1979 vel
950 1946 999 1981 nos
1013 1947 1105 1980 omues
1121 1947 1175 1981 una
1195 1930 1238 1980 die
1252 1929 1409 1996 perderent,

285 2004 399 2055 collecto
418 2003 531 2054 terribili
551 2010 578 2054 et
596 2003 786 2054 innumerabili
805 2004 924 2054 exercitu
944 2006 1062 2070 equitum
1083 2009 1110 2054 et
1122 2004 1252 2070 peditum,
1272 2006 1410 2054 irruerunt

284 2093 364 2144 super
383 2093 441 2138 nos,
466 2077 585 2144 undique
610 2078 738 2128 fossatum
764 2082 882 2127 nostrum
902 2078 1070 2138 invadentes,
1100 2083 1127 2128 et
1151 2079 1267 2128 maxime
1293 2083 1407 2143 pontem

283 2150 496 2217 Templariornm
517 2158 544 2202 et
564 2150 640 2201 ducis
659 2151 775 2214 Austris,
802 2166 881 2216 quem
900 2152 959 2216 ipse
979 2166 1038 2201 oum
1058 2150 1232 2210 Tbeutoniois
1257 2149 1406 2201 defendere
1487 2176 1489 2189 ι

283 2226 395 2276 studuit.
432 2225 533 2274 Hostes
554 2240 613 2274 cum
634 2223 728 2274 electis
747 2224 876 2274 militibus
895 2225 951 2274 suis
967 2223 1002 2273 cle
1021 2225 1097 2289 equis
1116 2224 1322 2286 descendentes,
1342 2239 1406 2273 cum

284 2298 436 2349 christianis
455 2301 581 2348 atrociter
600 2303 794 2364 pugnaverunt.
833 2297 998 2348 Ceciderunt
1016 2297 1079 2346 binc
1097 2296 1160 2348 inde
1180 2300 1277 2348 mortui
1297 2303 1325 2348 et
1342 2297 1403 2348 vul·

282 2373 369 2424 nerati
393 2371 478 2422 multi.
515 2371 635 2422 Tandem
661 2370 851 2437 prevaluerunt
873 2371 951 2430 adeo,
978 2365 1069 2436 quodh
1090 2377 1198 2437 pontem
1224 2370 1405 2422 ascendentes

282 2450 386 2512 partem
407 2446 464 2496 eius
484 2446 686 2495 conbusserunt.
724 2444 786 2494 Dux
805 2445 914 2494 Austrie
934 2445 1057 2510 precepit
1074 2445 1137 2508 suis,
1156 2449 1187 2495 ut
1203 2450 1286 2510 ponte
1306 2444 1403 2495 relicto

281 2517 385 2570 aditum
405 2517 501 2568 darent
518 2519 694 2581 instantibus,
713 2517 762 2568 sed
781 2518 880 2567 intrare
900 2534 953 2568 non
969 2524 1187 2584 presumpserunt
1205 2523 1314 2584 propter
1332 2517 1404 2568 mili-

282 2593 348 2642 tiam
377 2596 505 2653 uostram,
535 2607 587 2656 qne
616 2592 689 2640 acies
718 2605 780 2640 suas
808 2589 982 2641 ordinaverat
1009 2593 1036 2640 in
1062 2591 1210 2642 subsidium
1238 2592 1403 2642 munitiones

284 2663 494 2715 defendentium.
532 2663 659 2714 Mulieres
679 2679 777 2729 equam
798 2671 826 2712 at
844 2662 958 2730 lapides,
977 2666 1068 2715 vinum
1089 2670 1116 2714 et
1128 2681 1212 2731 panes
1225 2664 1404 2716 bellatoribus

283 2738 380 2788 nostris
402 2737 535 2802 intrepide
558 2737 757 2798 ministrabant,
781 2737 896 2787 orationi
918 2737 1073 2788 sacerdotes
1098 2738 1264 2804 insistebant,
1290 2737 1405 2788 vulnera

283 2811 463 2861 sauciatorum
483 2809 600 2875 ligantes
621 2825 654 2858 ac
680 2809 883 2864 benedicentes.
922 2812 963 2861 Eo
985 2811 1053 2861 ¹die⁰
1072 2827 1124 2862 non
1151 2818 1191 2863 est
1213 2812 1290 2862 nobis
1310 2811 1403 2862 datum

283 2883 397 2950 spatium
423 2882 548 2948 gestandi
574 2883 641 2932 alias
666 2883 769 2949 palmas
802 2899 882 2949 quarn
907 2884 1018 2935 balistas
1042 2891 1069 2935 et
1093 2900 1171 2936 arcus
1200 2901 1260 2935 oum
1286 2885 1402 2950 sagittis,

282 2955 394 3016 lanceis,
419 2954 513 3021 clipeis
533 2961 560 3006 et
569 2955 664 3020 galeis.
701 2956 777 3006 Adeo
789 2958 928 3008 instabant
947 2964 974 3008 et
986 2959 1122 3009 vexabant
1133 2961 1260 3009 atrociter
1278 2959 1324 3023 qui
1338 2972 1404 3008 con-

281 3035 411 3080 venerant
429 3031 464 3080 ad
484 3031 649 3096 perdendum
669 3046 718 3081 nos
731 3029 820 3081 studio
833 3030 974 3082 liberanda
988 3033 1104 3082 civitatis
1117 3032 1151 3082 ab
1165 3039 1224 3084 ortu
1237 3030 1303 3084 solis
1317 3047 1404 3097 usque

283 3102 319 3152 ad
337 3103 429 3154 boram
448 3103 504 3153 iere
518 3103 659 3154 decimam.
696 3104 818 3154 Tandem
832 3103 972 3169 defatigati
987 3110 1155 3156 retraxerunt
1167 3121 1197 3156 se
1211 3121 1270 3156 cam
1285 3104 1403 3172 dampno

282 3191 406 3228 maximo.

357 3249 400 3300 12.
419 3251 540 3301 Instabat
551 3251 605 3300 iam
617 3251 770 3316 passagium
785 3251 900 3301 vernale.
919 3251 1082 3302 Recessnrus
1096 3257 1152 3302 erat
1165 3252 1217 3302 dux
1229 3251 1342 3316 Austrie,
1356 3252 1402 3317 qui
1489 3299 1491 3314 ,

282 3338 331 3388 per
349 3339 448 3374 annum
467 3328 494 3373 et
513 3323 650 3373 dimidium
670 3323 772 3374 Christo
792 3323 905 3374 fideliter
922 3324 1089 3390 militaverat,
1109 3325 1233 3391 princeps
1259 3325 1400 3377 devotione
1489 3321 1491 3330 ⁴

282 3397 386 3462 plenus,
405 3397 559 3460 humilitate,
579 3397 737 3460 obedientia,
756 3393 914 3462 largitate⁶3
934 3399 978 3465 qui
996 3404 1084 3464 preter
1102 3399 1168 3448 alios
1187 3404 1307 3463 sumptus
1325 3400 1400 3450 iunu-

282 3471 432 3534 merabiles,
452 3486 518 3537 quos
536 3471 565 3520 in
584 3470 698 3534 negotiis
716 3471 817 3520 bellicis
837 3487 869 3520 ao
888 3473 996 3536 privatis
1015 3472 1166 3523 elemosinis
1184 3473 1291 3536 fecerat,
1313 3473 1389 3522 domu

283 3544 506 3594 Theutonicorum
525 3559 572 3593 sex
590 3543 683 3593 miliae
701 3559 848 3594 marcarum
867 3546 969 3610 argenti
996 3546 1039 3595 vel
1063 3546 1176 3609 amplius
1201 3545 1236 3595 ad
1255 3561 1399 3610 conparan-

283 3616 345 3666 dum
369 3617 490 3682 predium
517 3616 631 3666 creditur
656 3617 808 3667 conurlisse.
856 3618 888 3668 In
907 3619 1036 3668 Kalendis
1054 3619 1120 3668 Maii
1144 3634 1243 3684 magua
1262 3619 1397 3670 multitudo

281 3691 479 3755 peregrinorum
498 3690 569 3754 cepit
586 3691 720 3754 recedere,
739 3691 816 3741 nobis
834 3691 863 3742 in
881 3707 984 3743 summo
999 3692 1116 3758 periculo
1136 3693 1242 3742 relictis.
1282 3692 1335 3743 Sed
1352 3693 1399 3742 mi·

282 3763 394 3814 sericors
414 3768 441 3812 et
458 3762 589 3828 benignus
607 3763 688 3813 Pater
706 3769 805 3828 noster,
826 3765 879 3814 dux
899 3770 926 3815 et
943 3770 1125 3831 propugnator
1150 3770 1248 3829 noster,
1268 3770 1400 3832 protector

282 3837 445 3901 sperantium
463 3837 492 3884 in
511 3852 549 3899 se,
570 3837 613 3887 cui
630 3835 709 3886 facile
729 3842 769 3887 est
786 3839 815 3887 in
833 3838 925 3902 paucis
951 3839 1018 3888 sicut
1042 3840 1071 3888 in
1095 3839 1184 3889 multis
1206 3840 1321 3903 vincere,
1345 3854 1398 3890 uon

281 3909 401 3974 permisit
418 3909 569 3959 incredulos
585 3909 662 3959 simul
681 3911 709 3960 in
728 3927 778 3961 nos
789 3912 896 3976 irmere,
911 3913 997 3962 donec
1011 3913 1075 3962 novi
1086 3917 1258 3978 recentesque
1272 3913 1399 3978 peregrini

283 3997 344 4032 oum
363 3982 472 4047 copioso
492 3997 619 4034 succursu
639 3985 851 4049 supervenirent3
871 3985 949 4051 eopia
967 3985 1120 4038 victualium
1140 3991 1166 4036 et
1185 4001 1311 4052 equorum
1335 3991 1397 4036 nutu

283 4055 373 4106 divino
401 4056 558 4106 transmissa
584 4056 702 4106 fidelium
731 4058 915 4110 collectionem
942 4058 1086 4111 letificavit.
1133 4059 1285 4110 instaurato
1313 4059 1397 4125 itaque

283 4199 306 4252 a)
323 4202 355 4240 ita
370 4201 396 4240 L.
413 4201 438 4243 (l.
455 4205 474 4240 et
489 4201 546 4253 an,
561 4201 599 4241 abi
613 4202 747 4244 multotiens
762 4204 825 4244 deest.
884 4203 908 4257 b)
923 4216 969 4255 qno
984 4216 1002 4245 c.
1059 4203 1080 4256 c)
1097 4206 1134 4246 die
1150 4216 1191 4256 pro
1207 4204 1292 4255 palmis
1307 4205 1397 4245 balistas

283 4261 396 4308 gessimus
418 4263 440 4300 et
455 4271 530 4312 arcus,
546 4271 588 4310 pro
611 4263 682 4302 ramis
703 4263 812 4304 arborum
834 4264 928 4304 lanceas
953 4268 976 4304 et
993 4264 1082 4313 gladios
1099 4276 1150 4304 cum
1166 4264 1248 4315 clipeis
1264 4265 1357 4304 tulimus
1372 4264 1395 4306 L.

283 4319 307 4371 d)
325 4319 339 4359 l.
356 4319 406 4360 Deo
423 4323 501 4368 matus
517 4320 543 4361 L.
605 4317 627 4372 e)
643 4331 751 4370 aspernor.
766 4334 784 4365 o.
1014 4338 1017 4343 ·
