<?xml version="1.0" encoding="UTF-8"?>
<!DOCTYPE html PUBLIC "-//W3C//DTD XHTML 1.0 Transitional//EN"
    "http://www.w3.org/TR/xhtml1/DTD/xhtml1-transitional.dtd">
<html xmlns="http://www.w3.org/1999/xhtml" xml:lang="en" lang="en">
 <head>
  <title>
</title>
<meta http-equiv="Content-Type" content="text/html;charset=utf-8" />
  <meta name='ocr-system' content='tesseract 3.04.00' />
  <meta name='ocr-capabilities' content='ocr_page ocr_carea ocr_par ocr_line ocrx_word'/>
</head>
<body>
  <div class='ocr_page' id='page_1' title='image "./chronicaregiaco00germgoog_0215.png"; bbox 0 0 3122 4978; ppageno 0'>
   <div class='ocr_carea' id='block_1_1' title="bbox 242 397 1264 453">
    <p class='ocr_par' dir='ltr' id='par_1_1' title="bbox 242 397 1264 453">
     <span class='ocr_line' id='line_1_1' title="bbox 242 397 1264 453; baseline 0.001 -3"><span class='ocrx_word' id='word_1_1' title='bbox 242 397 429 450; x_wconf 79' lang='lat' dir='ltr'><strong>CHRONIOA</strong></span> <span class='ocrx_word' id='word_1_2' title='bbox 448 399 561 451; x_wconf 74' lang='lat' dir='ltr'><strong>asom</strong></span> <span class='ocrx_word' id='word_1_3' title='bbox 582 398 835 452; x_wconf 76' lang='lat' dir='ltr'><strong>COLONIENSIS.</strong></span> <span class='ocrx_word' id='word_1_4' title='bbox 857 399 959 452; x_wconf 79' lang='grc' dir='ltr'><strong>ΟΟΝΤ.</strong></span> <span class='ocrx_word' id='word_1_5' title='bbox 973 399 1011 452; x_wconf 89' lang='grc' dir='ltr'><strong>ΙΙ.</strong></span> <span class='ocrx_word' id='word_1_6' title='bbox 1031 400 1064 450; x_wconf 79' lang='grc' dir='ltr'><strong>Α.</strong></span> <span class='ocrx_word' id='word_1_7' title='bbox 1081 399 1161 453; x_wconf 76' lang='lat' dir='ltr'><strong>laos.</strong></span> <span class='ocrx_word' id='word_1_8' title='bbox 1212 401 1264 451; x_wconf 80' lang='lat' dir='ltr'><strong>tas</strong></span> 
     </span>
    </p>
   </div>
   <div class='ocr_carea' id='block_1_2' title="bbox 141 563 1264 2432">
    <p class='ocr_par' dir='ltr' id='par_1_2' title="bbox 141 563 1264 2165">
     <span class='ocr_line' id='line_1_2' title="bbox 169 563 1264 655; baseline 0.005 -26"><span class='ocrx_word' id='word_1_9' title='bbox 169 586 268 630; x_wconf 90' lang='lat' dir='ltr'><strong>onens</strong></span> <span class='ocrx_word' id='word_1_10' title='bbox 291 586 346 630; x_wconf 90' lang='lat' dir='ltr'><strong>eos</strong></span> <span class='ocrx_word' id='word_1_11' title='bbox 368 563 625 649; x_wconf 81' lang='lat' dir='ltr'><strong>conpacificavit,</strong></span> <span class='ocrx_word' id='word_1_12' title='bbox 657 586 695 630; x_wconf 93' lang='lat' dir='ltr'><strong>ac</strong></span> <span class='ocrx_word' id='word_1_13' title='bbox 722 565 838 631; x_wconf 91' lang='lat' dir='ltr'><strong>deinde</strong></span> <span class='ocrx_word' id='word_1_14' title='bbox 859 568 939 654; x_wconf 88' lang='lat' dir='ltr'><strong>ipsis</strong></span> <span class='ocrx_word' id='word_1_15' title='bbox 961 568 1121 655; x_wconf 88' lang='lat' dir='ltr'><strong>episcopis</strong></span> <span class='ocrx_word' id='word_1_16' title='bbox 1144 570 1264 654; x_wconf 91' lang='lat' dir='ltr'><strong>astipu-</strong></span> 
     </span>
     <span class='ocr_line' id='line_1_3' title="bbox 143 587 1263 738; baseline 0.004 -24"><span class='ocrx_word' id='word_1_17' title='bbox 143 587 300 731; x_wconf 58' lang='lat' dir='ltr'><strong>Entibus,</strong></span> <span class='ocrx_word' id='word_1_18' title='bbox 345 646 540 713; x_wconf 82' lang='lat' dir='ltr'><strong>sollemniter</strong></span> <span class='ocrx_word' id='word_1_19' title='bbox 574 648 768 735; x_wconf 79' lang='lat' dir='ltr'>procedens,</span> <span class='ocrx_word' id='word_1_20' title='bbox 813 650 855 717; x_wconf 86' lang='lat' dir='ltr'><strong>ab</strong></span> <span class='ocrx_word' id='word_1_21' title='bbox 890 652 1049 738; x_wconf 89' lang='lat' dir='ltr'><strong>Hugardo</strong></span> <span class='ocrx_word' id='word_1_22' title='bbox 1085 652 1263 718; x_wconf 90' lang='lat' dir='ltr'><strong>Leodiense</strong></span> 
     </span>
     <span class='ocr_line' id='line_1_4' title="bbox 145 731 1263 820; baseline 0.004 -23"><span class='ocrx_word' id='word_1_23' title='bbox 145 732 315 819; x_wconf 86' lang='lat' dir='ltr'><strong>episcopo,</strong></span> <span class='ocrx_word' id='word_1_24' title='bbox 353 733 408 820; x_wconf 91' lang='lat' dir='ltr'><strong>qui</strong></span> <span class='ocrx_word' id='word_1_25' title='bbox 440 731 482 796; x_wconf 88' lang='lat' dir='ltr'><strong>ad</strong></span> <span class='ocrx_word' id='word_1_26' title='bbox 510 732 571 797; x_wconf 93' lang='lat' dir='ltr'><strong>hoc</strong></span> <span class='ocrx_word' id='word_1_27' title='bbox 603 734 711 820; x_wconf 89' lang='lat' dir='ltr'><strong>ipsum</strong></span> <span class='ocrx_word' id='word_1_28' title='bbox 744 734 924 819; x_wconf 80' lang='lat' dir='ltr'><strong>specialiter</strong></span> <span class='ocrx_word' id='word_1_29' title='bbox 950 735 1136 819; x_wconf 87' lang='lat' dir='ltr'><strong>advenerat,</strong></span> <span class='ocrx_word' id='word_1_30' title='bbox 1173 758 1263 802; x_wconf 91' lang='lat' dir='ltr'><strong>more</strong></span> 
     </span>
     <span class='ocr_line' id='line_1_5' title="bbox 145 814 1262 906; baseline 0.004 -25"><span class='ocrx_word' id='word_1_31' title='bbox 145 815 360 882; x_wconf 89' lang='lat' dir='ltr'><strong>ecclesiastico</strong></span> <span class='ocrx_word' id='word_1_32' title='bbox 402 814 535 881; x_wconf 78' lang='lat' dir='ltr'><strong>Colonie</strong></span> <span class='ocrx_word' id='word_1_33' title='bbox 570 818 604 880; x_wconf 90' lang='lat' dir='ltr'><strong>in</strong></span> <span class='ocrx_word' id='word_1_34' title='bbox 644 818 923 906; x_wconf 89' lang='lat' dir='ltr'><strong>archiepiscopum</strong></span> <span class='ocrx_word' id='word_1_35' title='bbox 963 830 1012 885; x_wconf 90' lang='lat' dir='ltr'><strong>est</strong></span> <span class='ocrx_word' id='word_1_36' title='bbox 1047 831 1262 886; x_wconf 88' lang='lat' dir='ltr'><strong>consecratus.</strong></span> 
     </span>
     <span class='ocr_line' id='line_1_6' title="bbox 145 899 1262 987; baseline 0.004 -22"><span class='ocrx_word' id='word_1_37' title='bbox 145 901 316 966; x_wconf 90' lang='lat' dir='ltr'><strong>Heinricus</strong></span> <span class='ocrx_word' id='word_1_38' title='bbox 341 899 518 965; x_wconf 87' lang='lat' dir='ltr'><strong>Mindensis</strong></span> <span class='ocrx_word' id='word_1_39' title='bbox 547 902 717 987; x_wconf 89' lang='lat' dir='ltr'><strong>episcopus</strong></span> <span class='ocrx_word' id='word_1_40' title='bbox 746 903 833 968; x_wconf 92' lang='lat' dir='ltr'><strong>obiit.</strong></span> <span class='ocrx_word' id='word_1_41' title='bbox 918 903 996 970; x_wconf 89' lang='lat' dir='ltr'><strong>Otto</strong></span> <span class='ocrx_word' id='word_1_42' title='bbox 1023 928 1090 987; x_wconf 90' lang='lat' dir='ltr'><strong>rex,</strong></span> <span class='ocrx_word' id='word_1_43' title='bbox 1125 903 1262 971; x_wconf 81' lang='lat' dir='ltr'><strong>collectis</strong></span> 
     </span>
     <span class='ocr_line' id='line_1_7' title="bbox 145 984 1262 1076; baseline 0.004 -26"><span class='ocrx_word' id='word_1_44' title='bbox 145 985 287 1071; x_wconf 88' lang='lat' dir='ltr'><strong>undique</strong></span> <span class='ocrx_word' id='word_1_45' title='bbox 310 984 410 1070; x_wconf 91' lang='lat' dir='ltr'><strong>copiis</strong></span> <span class='ocrx_word' id='word_1_46' title='bbox 432 995 529 1070; x_wconf 89' lang='lat' dir='ltr'><strong>atque</strong></span> <span class='ocrx_word' id='word_1_47' title='bbox 551 984 648 1049; x_wconf 89' lang='lat' dir='ltr'><strong>totius</strong></span> <span class='ocrx_word' id='word_1_48' title='bbox 672 985 844 1053; x_wconf 79' lang='lat' dir='ltr'><strong>Germanic</strong></span> <span class='ocrx_word' id='word_1_49' title='bbox 874 985 975 1054; x_wconf 88' lang='lat' dir='ltr'><strong>electo</strong></span> <span class='ocrx_word' id='word_1_50' title='bbox 1004 989 1140 1076; x_wconf 85' lang='lat' dir='ltr'><strong>stipatus</strong></span> <span class='ocrx_word' id='word_1_51' title='bbox 1162 988 1262 1054; x_wconf 90' lang='lat' dir='ltr'><strong>milite</strong></span> 
     </span>
     <span class='ocr_line' id='line_1_8' title="bbox 146 1069 1262 1171; baseline 0.004 -38"><span class='ocrx_word' id='word_1_52' title='bbox 146 1070 237 1151; x_wconf 83' lang='lat'><strong>1500,</strong></span> <span class='ocrx_word' id='word_1_53' title='bbox 268 1070 303 1133; x_wconf 93' lang='lat' dir='ltr'><strong>in</strong></span> <span class='ocrx_word' id='word_1_54' title='bbox 331 1090 441 1133; x_wconf 91' lang='lat' dir='ltr'><strong>mense</strong></span> <span class='ocrx_word' id='word_1_55' title='bbox 471 1071 618 1154; x_wconf 89' lang='lat' dir='ltr'><strong>Augusto</strong></span> <span class='ocrx_word' id='word_1_56' title='bbox 651 1069 777 1135; x_wconf 86' lang='lat' dir='ltr'><strong>Italiam</strong></span> <span class='ocrx_word' id='word_1_57' title='bbox 810 1071 1039 1171; x_wconf 74' lang='lat' dir='ltr'><strong>proficiscitur,</strong></span> <span class='ocrx_word' id='word_1_58' title='bbox 1075 1073 1133 1139; x_wconf 91' lang='lat' dir='ltr'><strong>ubi</strong></span> <span class='ocrx_word' id='word_1_59' title='bbox 1165 1071 1262 1138; x_wconf 87' lang='lat' dir='ltr'><strong>simili</strong></span> 
     </span>
     <span class='ocr_line' id='line_1_9' title="bbox 144 1152 1263 1238; baseline 0.002 -20"><span class='ocrx_word' id='word_1_60' title='bbox 144 1152 241 1218; x_wconf 91' lang='lat' dir='ltr'><strong>modo</strong></span> <span class='ocrx_word' id='word_1_61' title='bbox 264 1163 459 1238; x_wconf 87' lang='lat' dir='ltr'><strong>congregato</strong></span> <span class='ocrx_word' id='word_1_62' title='bbox 481 1175 546 1217; x_wconf 92' lang='lat' dir='ltr'><strong>non</strong></span> <span class='ocrx_word' id='word_1_63' title='bbox 567 1153 694 1218; x_wconf 90' lang='lat' dir='ltr'><strong>modico</strong></span> <span class='ocrx_word' id='word_1_64' title='bbox 716 1166 870 1238; x_wconf 88' lang='lat' dir='ltr'><strong>exerc1tu,</strong></span> <span class='ocrx_word' id='word_1_65' title='bbox 900 1177 973 1221; x_wconf 91' lang='lat' dir='ltr'><strong>cum</strong></span> <span class='ocrx_word' id='word_1_66' title='bbox 994 1159 1162 1222; x_wconf 87' lang='lat' dir='ltr'><strong>innumera</strong></span> <span class='ocrx_word' id='word_1_67' title='bbox 1182 1155 1263 1220; x_wconf 89' lang='lat' dir='ltr'><strong>mul·</strong></span> 
     </span>
     <span class='ocr_line' id='line_1_10' title="bbox 144 1235 1263 1340; baseline 0.004 -38"><span class='ocrx_word' id='word_1_68' title='bbox 144 1235 279 1303; x_wconf 80' lang='lat' dir='ltr'><strong>titudine</strong></span> <span class='ocrx_word' id='word_1_69' title='bbox 315 1235 505 1302; x_wconf 84' lang='lat' dir='ltr'><strong>bellatorum</strong></span> <span class='ocrx_word' id='word_1_70' title='bbox 541 1237 677 1302; x_wconf 80' lang='lat' dir='ltr'><strong>Romam</strong></span> <span class='ocrx_word' id='word_1_71' title='bbox 712 1260 816 1326; x_wconf 88' lang='lat' dir='ltr'><strong>usque</strong></span> <span class='ocrx_word' id='word_1_72' title='bbox 855 1240 1005 1325; x_wconf 80' lang='lat' dir='ltr'><strong>tetendit3</strong></span> <span class='ocrx_word' id='word_1_73' title='bbox 1041 1240 1088 1306; x_wconf 94' lang='lat' dir='ltr'><strong>ibi</strong></span> <span class='ocrx_word' id='word_1_74' title='bbox 1125 1263 1145 1304; x_wconf 90' lang='lat' dir='ltr'><strong>a</strong></span> <span class='ocrx_word' id='word_1_75' title='bbox 1176 1263 1263 1340; x_wconf 87' lang='lat' dir='ltr'><strong>papa</strong></span> 
     </span>
     <span class='ocr_line' id='line_1_11' title="bbox 142 1321 1263 1410; baseline 0.005 -26"><span class='ocrx_word' id='word_1_76' title='bbox 142 1321 330 1386; x_wconf 88' lang='lat' dir='ltr'><strong>Innocentio</strong></span> <span class='ocrx_word' id='word_1_77' title='bbox 359 1342 432 1384; x_wconf 90' lang='lat' dir='ltr'><strong>cum</strong></span> <span class='ocrx_word' id='word_1_78' title='bbox 457 1322 601 1386; x_wconf 88' lang='lat' dir='ltr'><strong>inmense</strong></span> <span class='ocrx_word' id='word_1_79' title='bbox 623 1321 828 1388; x_wconf 83' lang='lat' dir='ltr'><strong>exultationis</strong></span> <span class='ocrx_word' id='word_1_80' title='bbox 850 1323 992 1410; x_wconf 89' lang='lat' dir='ltr'><strong>tripudio</strong></span> <span class='ocrx_word' id='word_1_81' title='bbox 1036 1323 1263 1390; x_wconf 71' lang='lat' dir='ltr'><strong>loriosissrmea</strong></span> 
     </span>
     <span class='ocr_line' id='line_1_12' title="bbox 144 1403 1263 1493; baseline 0.002 -23"><span class='ocrx_word' id='word_1_82' title='bbox 144 1415 330 1490; x_wconf 85' lang='lat' dir='ltr'><strong>susceptus,</strong></span> <span class='ocrx_word' id='word_1_83' title='bbox 363 1406 412 1470; x_wconf 87' lang='lat'><strong>3.¹</strong></span> <span class='ocrx_word' id='word_1_84' title='bbox 435 1403 509 1470; x_wconf 88' lang='lat' dir='ltr'><strong>Kal.</strong></span> <span class='ocrx_word' id='word_1_85' title='bbox 534 1405 687 1472; x_wconf 89' lang='lat' dir='ltr'><strong>Octobris</strong></span> <span class='ocrx_word' id='word_1_86' title='bbox 719 1407 807 1493; x_wconf 89' lang='lat' dir='ltr'><strong>apud</strong></span> <span class='ocrx_word' id='word_1_87' title='bbox 837 1409 992 1474; x_wconf 87' lang='lat' dir='ltr'><strong>Sanctum</strong></span> <span class='ocrx_word' id='word_1_88' title='bbox 1053 1418 1156 1473; x_wconf 86' lang='lat' dir='ltr'><strong>etrum</strong></span> <span class='ocrx_word' id='word_1_89' title='bbox 1189 1430 1263 1473; x_wconf 90' lang='lat' dir='ltr'><strong>cum</strong></span> 
     </span>
     <span class='ocr_line' id='line_1_13' title="bbox 142 1487 1262 1579; baseline 0.004 -26"><span class='ocrx_word' id='word_1_90' title='bbox 142 1487 332 1556; x_wconf 85' lang='lat' dir='ltr'><strong>diadematis</strong></span> <span class='ocrx_word' id='word_1_91' title='bbox 354 1489 547 1576; x_wconf 90' lang='lat' dir='ltr'><strong>inpositione</strong></span> <span class='ocrx_word' id='word_1_92' title='bbox 568 1511 695 1558; x_wconf 92' lang='lat' dir='ltr'><strong>necnon</strong></span> <span class='ocrx_word' id='word_1_93' title='bbox 722 1502 755 1556; x_wconf 88' lang='lat' dir='ltr'><strong>et</strong></span> <span class='ocrx_word' id='word_1_94' title='bbox 782 1493 912 1578; x_wconf 87' lang='lat' dir='ltr'><strong>augusti</strong></span> <span class='ocrx_word' id='word_1_95' title='bbox 939 1495 1078 1557; x_wconf 89' lang='lat' dir='ltr'><strong>nominis</strong></span> <span class='ocrx_word' id='word_1_96' title='bbox 1106 1492 1262 1579; x_wconf 82' lang='lat' dir='ltr'><strong>dignitate</strong></span> 
     </span>
     <span class='ocr_line' id='line_1_14' title="bbox 144 1572 1262 1663; baseline 0.004 -27"><span class='ocrx_word' id='word_1_97' title='bbox 144 1574 223 1662; x_wconf 71' lang='lat' dir='ltr'><strong>[inb]</strong></span> <span class='ocrx_word' id='word_1_98' title='bbox 247 1575 473 1660; x_wconf 84' lang='lat' dir='ltr'><strong>imperatorem</strong></span> <span class='ocrx_word' id='word_1_99' title='bbox 500 1572 635 1640; x_wconf 86' lang='lat' dir='ltr'><strong>feliciter</strong></span> <span class='ocrx_word' id='word_1_100' title='bbox 663 1583 712 1640; x_wconf 90' lang='lat' dir='ltr'><strong>est</strong></span> <span class='ocrx_word' id='word_1_101' title='bbox 739 1587 952 1658; x_wconf 88' lang='lat' dir='ltr'><strong>consecratus,</strong></span> <span class='ocrx_word' id='word_1_102' title='bbox 979 1598 1064 1641; x_wconf 90' lang='lat' dir='ltr'><strong>anno</strong></span> <span class='ocrx_word' id='word_1_103' title='bbox 1093 1579 1184 1663; x_wconf 89' lang='lat' dir='ltr'><strong>regni</strong></span> <span class='ocrx_word' id='word_1_104' title='bbox 1212 1578 1262 1641; x_wconf 91' lang='lat' dir='ltr'><strong>sui</strong></span> 
     </span>
     <span class='ocr_line' id='line_1_15' title="bbox 141 1657 1262 1760; baseline 0.001 -37"><span class='ocrx_word' id='word_1_105' title='bbox 141 1658 236 1723; x_wconf 88' lang='lat' dir='ltr'><strong>tertio</strong></span> <span class='ocrx_word' id='word_1_106' title='bbox 258 1657 392 1723; x_wconf 91' lang='lat' dir='ltr'><strong>decimo.</strong></span> <span class='ocrx_word' id='word_1_107' title='bbox 430 1657 545 1722; x_wconf 89' lang='lat' dir='ltr'><strong>Werra</strong></span> <span class='ocrx_word' id='word_1_108' title='bbox 559 1659 642 1723; x_wconf 89' lang='lat' dir='ltr'><strong>inter</strong></span> <span class='ocrx_word' id='word_1_109' title='bbox 655 1658 820 1723; x_wconf 90' lang='lat' dir='ltr'><strong>dominum</strong></span> <span class='ocrx_word' id='word_1_110' title='bbox 842 1681 960 1746; x_wconf 88' lang='lat' dir='ltr'><strong>papam</strong></span> <span class='ocrx_word' id='word_1_111' title='bbox 983 1671 1015 1726; x_wconf 90' lang='lat' dir='ltr'><strong>et</strong></span> <span class='ocrx_word' id='word_1_112' title='bbox 1035 1663 1262 1760; x_wconf 87' lang='lat' dir='ltr'><strong>imperatorem</strong></span> 
     </span>
     <span class='ocr_line' id='line_1_16' title="bbox 142 1740 1262 1830; baseline 0.003 -24"><span class='ocrx_word' id='word_1_113' title='bbox 142 1744 243 1808; x_wconf 91' lang='lat' dir='ltr'><strong>oritur</strong></span> <span class='ocrx_word' id='word_1_114' title='bbox 263 1763 322 1828; x_wconf 89' lang='lat' dir='ltr'><strong>pro</strong></span> <span class='ocrx_word' id='word_1_115' title='bbox 345 1740 540 1828; x_wconf 88' lang='lat' dir='ltr'><strong>quibusdam</strong></span> <span class='ocrx_word' id='word_1_116' title='bbox 592 1741 689 1807; x_wconf 88' lang='lat' dir='ltr'><strong>rediis</strong></span> <span class='ocrx_word' id='word_1_117' title='bbox 716 1744 792 1807; x_wconf 89' lang='lat' dir='ltr'><strong>satis</strong></span> <span class='ocrx_word' id='word_1_118' title='bbox 820 1745 947 1830; x_wconf 87' lang='lat' dir='ltr'><strong>magnis</strong></span> <span class='ocrx_word' id='word_1_119' title='bbox 976 1756 1008 1811; x_wconf 91' lang='lat' dir='ltr'><strong>et</strong></span> <span class='ocrx_word' id='word_1_120' title='bbox 1036 1745 1107 1809; x_wconf 83' lang='lat' dir='ltr'><strong>latis</strong></span> <span class='ocrx_word' id='word_1_121' title='bbox 1130 1767 1168 1808; x_wconf 88' lang='lat' dir='ltr'><strong>ac</strong></span> <span class='ocrx_word' id='word_1_122' title='bbox 1190 1767 1262 1830; x_wconf 90' lang='lat' dir='ltr'><strong>pre·</strong></span> 
     </span>
     <span class='ocr_line' id='line_1_17' title="bbox 143 1825 1261 1915; baseline 0.003 -24"><span class='ocrx_word' id='word_1_123' title='bbox 143 1827 238 1912; x_wconf 90' lang='lat' dir='ltr'><strong>cipue</strong></span> <span class='ocrx_word' id='word_1_124' title='bbox 259 1848 318 1911; x_wconf 89' lang='lat' dir='ltr'><strong>pro</strong></span> <span class='ocrx_word' id='word_1_125' title='bbox 339 1834 424 1890; x_wconf 89' lang='lat' dir='ltr'><strong>terra</strong></span> <span class='ocrx_word' id='word_1_126' title='bbox 445 1825 556 1892; x_wconf 90' lang='lat' dir='ltr'><strong>Methil</strong></span> <span class='ocrx_word' id='word_1_127' title='bbox 579 1827 617 1909; x_wconf 91' lang='lat' dir='ltr'><strong>is,</strong></span> <span class='ocrx_word' id='word_1_128' title='bbox 639 1849 702 1914; x_wconf 92' lang='lat' dir='ltr'><strong>que</strong></span> <span class='ocrx_word' id='word_1_129' title='bbox 724 1827 831 1892; x_wconf 89' lang='lat' dir='ltr'><strong>omnia</strong></span> <span class='ocrx_word' id='word_1_130' title='bbox 851 1849 938 1915; x_wconf 90' lang='lat' dir='ltr'><strong>papa</strong></span> <span class='ocrx_word' id='word_1_131' title='bbox 959 1827 1092 1894; x_wconf 87' lang='lat' dir='ltr'><strong>ecclesie</strong></span> <span class='ocrx_word' id='word_1_132' title='bbox 1107 1830 1261 1911; x_wconf 85' lang='lat' dir='ltr'><strong>Romane,</strong></span> 
     </span>
     <span class='ocr_line' id='line_1_18' title="bbox 142 1909 1261 2000; baseline 0.003 -26"><span class='ocrx_word' id='word_1_133' title='bbox 142 1911 316 1996; x_wconf 89' lang='lat' dir='ltr'><strong>imperator</strong></span> <span class='ocrx_word' id='word_1_134' title='bbox 336 1931 413 1974; x_wconf 92' lang='lat' dir='ltr'><strong>vero</strong></span> <span class='ocrx_word' id='word_1_135' title='bbox 434 1931 534 1996; x_wconf 88' lang='lat' dir='ltr'><strong>regno</strong></span> <span class='ocrx_word' id='word_1_136' title='bbox 562 1931 601 1974; x_wconf 89' lang='lat' dir='ltr'><strong>ea</strong></span> <span class='ocrx_word' id='word_1_137' title='bbox 627 1911 761 1976; x_wconf 88' lang='lat' dir='ltr'><strong>attinere</strong></span> <span class='ocrx_word' id='word_1_138' title='bbox 789 1909 1041 1996; x_wconf 80' lang='lat' dir='ltr'><strong>contestabatur3</strong></span> <span class='ocrx_word' id='word_1_139' title='bbox 1074 1923 1171 2000; x_wconf 89' lang='lat' dir='ltr'><strong>atque</strong></span> <span class='ocrx_word' id='word_1_140' title='bbox 1200 1913 1261 1978; x_wconf 90' lang='lat' dir='ltr'><strong>hac</strong></span> 
     </span>
     <span class='ocr_line' id='line_1_19' title="bbox 142 1993 1260 2080; baseline 0.002 -22"><span class='ocrx_word' id='word_1_141' title='bbox 142 1993 349 2058; x_wconf 87' lang='lat' dir='ltr'><strong>altercatione</strong></span> <span class='ocrx_word' id='word_1_142' title='bbox 371 1993 479 2080; x_wconf 85' lang='lat' dir='ltr'><strong>aliquo</strong></span> <span class='ocrx_word' id='word_1_143' title='bbox 502 2004 646 2080; x_wconf 90' lang='lat' dir='ltr'><strong>tempore</strong></span> <span class='ocrx_word' id='word_1_144' title='bbox 669 1995 907 2079; x_wconf 86' lang='lat' dir='ltr'><strong>contendentes,</strong></span> <span class='ocrx_word' id='word_1_145' title='bbox 937 2017 1012 2061; x_wconf 89' lang='lat' dir='ltr'><strong>cum</strong></span> <span class='ocrx_word' id='word_1_146' title='bbox 1034 2007 1148 2063; x_wconf 89' lang='lat' dir='ltr'><strong>neuter</strong></span> <span class='ocrx_word' id='word_1_147' title='bbox 1169 1996 1260 2078; x_wconf 84' lang='lat' dir='ltr'><strong>alteri</strong></span> 
     </span>
     <span class='ocr_line' id='line_1_20' title="bbox 143 2079 979 2165; baseline 0.002 -21"><span class='ocrx_word' id='word_1_148' title='bbox 143 2079 279 2162; x_wconf 88' lang='lat' dir='ltr'><strong>cederet,</strong></span> <span class='ocrx_word' id='word_1_149' title='bbox 302 2099 389 2165; x_wconf 88' lang='lat' dir='ltr'><strong>papa</strong></span> <span class='ocrx_word' id='word_1_150' title='bbox 408 2079 632 2164; x_wconf 88' lang='lat' dir='ltr'><strong>imperatorem</strong></span> <span class='ocrx_word' id='word_1_151' title='bbox 656 2080 947 2145; x_wconf 86' lang='lat' dir='ltr'><strong>excommunicavit</strong></span> <span class='ocrx_word' id='word_1_152' title='bbox 957 2091 979 2146; x_wconf 79' lang='lat'><strong>².</strong></span> 
     </span>
    </p>

    <p class='ocr_par' dir='ltr' id='par_1_3' title="bbox 141 2162 1261 2432">
     <span class='ocr_line' id='line_1_21' title="bbox 227 2162 1259 2262; baseline 0.001 -36"><span class='ocrx_word' id='word_1_153' title='bbox 227 2163 352 2227; x_wconf 83' lang='lat' dir='ltr'><strong>Eodem</strong></span> <span class='ocrx_word' id='word_1_154' title='bbox 380 2172 545 2248; x_wconf 82' lang='lat' dir='ltr'><strong>tempore⁸</strong></span> <span class='ocrx_word' id='word_1_155' title='bbox 578 2162 666 2262; x_wconf 86' lang='lat' dir='ltr'><strong>apud</strong></span> <span class='ocrx_word' id='word_1_156' title='bbox 697 2163 916 2249; x_wconf 78' lang='lat' dir='ltr'><strong>Hispaniam0,</strong></span> <span class='ocrx_word' id='word_1_157' title='bbox 950 2186 1012 2250; x_wconf 93' lang='lat' dir='ltr'><strong>que</strong></span> <span class='ocrx_word' id='word_1_158' title='bbox 1039 2173 1123 2229; x_wconf 89' lang='lat' dir='ltr'><strong>terra</strong></span> <span class='ocrx_word' id='word_1_159' title='bbox 1151 2163 1259 2230; x_wconf 83' lang='lat' dir='ltr'><strong>Sancti</strong></span> 
     </span>
     <span class='ocr_line' id='line_1_22' title="bbox 141 2245 1261 2334; baseline 0.002 -24"><span class='ocrx_word' id='word_1_160' title='bbox 141 2247 171 2310; x_wconf 87' lang='lat' dir='ltr'>E</span> <span class='ocrx_word' id='word_1_161' title='bbox 195 2245 272 2310; x_wconf 87' lang='lat' dir='ltr'><strong>idii⁴</strong></span> <span class='ocrx_word' id='word_1_162' title='bbox 291 2258 504 2332; x_wconf 87' lang='lat' dir='ltr'><strong>nuncupatur,</strong></span> <span class='ocrx_word' id='word_1_163' title='bbox 524 2247 558 2310; x_wconf 91' lang='lat' dir='ltr'><strong>in</strong></span> <span class='ocrx_word' id='word_1_164' title='bbox 579 2248 706 2312; x_wconf 83' lang='lat' dir='ltr'><strong>crvitate</strong></span> <span class='ocrx_word' id='word_1_165' title='bbox 724 2245 841 2312; x_wconf 81' lang='lat' dir='ltr'><strong>Tolbsa</strong></span> <span class='ocrx_word' id='word_1_166' title='bbox 859 2247 978 2313; x_wconf 87' lang='lat' dir='ltr'><strong>heresis</strong></span> <span class='ocrx_word' id='word_1_167' title='bbox 997 2247 1146 2334; x_wconf 89' lang='lat' dir='ltr'><strong>quedam,</strong></span> <span class='ocrx_word' id='word_1_168' title='bbox 1168 2247 1261 2312; x_wconf 88' lang='lat' dir='ltr'><strong>cuius</strong></span> 
     </span>
     <span class='ocr_line' id='line_1_23' title="bbox 142 2269 1261 2432; baseline 0.001 -38"><span class='ocrx_word' id='word_1_169' title='bbox 142 2269 278 2396; x_wconf 67' lang='lat' dir='ltr'><strong>cidares</strong></span> <span class='ocrx_word' id='word_1_170' title='bbox 300 2331 347 2396; x_wconf 92' lang='lat' dir='ltr'><strong>Be</strong></span> <span class='ocrx_word' id='word_1_171' title='bbox 370 2333 438 2417; x_wconf 87' lang='lat' dir='ltr'><strong>gini</strong></span> <span class='ocrx_word' id='word_1_172' title='bbox 459 2329 756 2432; x_wconf 72' lang='lat' dir='ltr'><strong>denominabantur,</strong></span> <span class='ocrx_word' id='word_1_173' title='bbox 779 2353 956 2418; x_wconf 86' lang='lat' dir='ltr'><strong>emergens,</strong></span> <span class='ocrx_word' id='word_1_174' title='bbox 985 2353 1091 2396; x_wconf 90' lang='lat' dir='ltr'><strong>ramos</strong></span> <span class='ocrx_word' id='word_1_175' title='bbox 1113 2354 1168 2397; x_wconf 91' lang='lat' dir='ltr'><strong>sue</strong></span> <span class='ocrx_word' id='word_1_176' title='bbox 1191 2354 1261 2418; x_wconf 92' lang='lat' dir='ltr'><strong>per·</strong></span> 
     </span>
    </p>
   </div>
   <div class='ocr_carea' id='block_1_3' title="bbox 141 2353 1262 2562">
    <p class='ocr_par' dir='ltr' id='par_1_4' title="bbox 141 2353 1262 2562">
     <span class='ocr_line' id='line_1_24' title="bbox 141 2353 1262 2562; baseline -0.001 -82"><span class='ocrx_word' id='word_1_177' title='bbox 141 2416 300 2481; x_wconf 86' lang='lat' dir='ltr'><strong>versitatis</strong></span> <span class='ocrx_word' id='word_1_178' title='bbox 314 2353 453 2480; x_wconf 67' lang='lat' dir='ltr'><strong>ingbrevi</strong></span> <span class='ocrx_word' id='word_1_179' title='bbox 467 2414 561 2562; x_wconf 76' lang='lat' dir='ltr'><strong>longe</strong></span> <span class='ocrx_word' id='word_1_180' title='bbox 574 2414 701 2502; x_wconf 88' lang='lat' dir='ltr'><strong>lateque</strong></span> <span class='ocrx_word' id='word_1_181' title='bbox 715 2416 850 2480; x_wconf 86' lang='lat' dir='ltr'><strong>mmium</strong></span> <span class='ocrx_word' id='word_1_182' title='bbox 864 2415 1074 2516; x_wconf 87' lang='lat' dir='ltr'><strong>propagando</strong></span> <span class='ocrx_word' id='word_1_183' title='bbox 1089 2417 1123 2479; x_wconf 93' lang='lat' dir='ltr'><strong>in</strong></span> <span class='ocrx_word' id='word_1_184' title='bbox 1137 2426 1262 2481; x_wconf 91' lang='lat' dir='ltr'><strong>tantum</strong></span> 
     </span>
    </p>
   </div>
   <div class='ocr_carea' id='block_1_4' title="bbox 140 2499 1297 3762">
    <p class='ocr_par' dir='ltr' id='par_1_5' title="bbox 140 2499 1297 3762">
     <span class='ocr_line' id='line_1_25' title="bbox 142 2499 1260 2587; baseline 0 -23"><span class='ocrx_word' id='word_1_185' title='bbox 142 2499 347 2582; x_wconf 84' lang='lat' dir='ltr'><strong>distenderat,</strong></span> <span class='ocrx_word' id='word_1_186' title='bbox 361 2508 471 2564; x_wconf 90' lang='lat' dir='ltr'><strong>utnon</strong></span> <span class='ocrx_word' id='word_1_187' title='bbox 486 2521 521 2564; x_wconf 92' lang='lat' dir='ltr'><strong>so</strong></span> <span class='ocrx_word' id='word_1_188' title='bbox 535 2523 589 2564; x_wconf 93' lang='lat' dir='ltr'><strong>um</strong></span> <span class='ocrx_word' id='word_1_189' title='bbox 602 2499 737 2565; x_wconf 89' lang='lat' dir='ltr'><strong>humiles</strong></span> <span class='ocrx_word' id='word_1_190' title='bbox 751 2510 848 2587; x_wconf 91' lang='lat' dir='ltr'><strong>atque</strong></span> <span class='ocrx_word' id='word_1_191' title='bbox 863 2499 1019 2582; x_wconf 88' lang='lat' dir='ltr'><strong>mehores‚</strong></span> <span class='ocrx_word' id='word_1_192' title='bbox 1035 2522 1149 2565; x_wconf 90' lang='lat' dir='ltr'><strong>verum</strong></span> <span class='ocrx_word' id='word_1_193' title='bbox 1165 2502 1260 2565; x_wconf 89' lang='lat' dir='ltr'><strong>etiam</strong></span> 
     </span>
     <span class='ocr_line' id='line_1_26' title="bbox 141 2583 1284 2671; baseline 0 -24"><span class='ocrx_word' id='word_1_194' title='bbox 141 2585 300 2671; x_wconf 89' lang='lat' dir='ltr'><strong>primores</strong></span> <span class='ocrx_word' id='word_1_195' title='bbox 321 2593 359 2648; x_wconf 89' lang='lat' dir='ltr'><strong>et</strong></span> <span class='ocrx_word' id='word_1_196' title='bbox 379 2585 542 2669; x_wconf 89' lang='lat' dir='ltr'><strong>principes</strong></span> <span class='ocrx_word' id='word_1_197' title='bbox 569 2585 666 2649; x_wconf 88' lang='lat' dir='ltr'><strong>totius</strong></span> <span class='ocrx_word' id='word_1_198' title='bbox 688 2585 847 2670; x_wconf 83' lang='lat' dir='ltr'><strong>Hispania</strong></span> <span class='ocrx_word' id='word_1_199' title='bbox 876 2605 950 2649; x_wconf 91' lang='lat' dir='ltr'><strong>cum</strong></span> <span class='ocrx_word' id='word_1_200' title='bbox 976 2585 1111 2650; x_wconf 91' lang='lat' dir='ltr'><strong>aliarum</strong></span> <span class='ocrx_word' id='word_1_201' title='bbox 1133 2583 1284 2670; x_wconf 85' lang='lat' dir='ltr'><strong>provin·&#39;</strong></span> 
     </span>
     <span class='ocr_line' id='line_1_27' title="bbox 142 2668 1260 2755; baseline 0 -23"><span class='ocrx_word' id='word_1_202' title='bbox 142 2669 263 2732; x_wconf 86' lang='lat' dir='ltr'><strong>ciarum</strong></span> <span class='ocrx_word' id='word_1_203' title='bbox 279 2669 455 2754; x_wconf 89' lang='lat' dir='ltr'><strong>capitaneis</strong></span> <span class='ocrx_word' id='word_1_204' title='bbox 477 2689 602 2733; x_wconf 92' lang='lat' dir='ltr'><strong>necnon</strong></span> <span class='ocrx_word' id='word_1_205' title='bbox 623 2668 849 2734; x_wconf 89' lang='lat' dir='ltr'><strong>innumerabili</strong></span> <span class='ocrx_word' id='word_1_206' title='bbox 870 2668 1076 2734; x_wconf 89' lang='lat' dir='ltr'><strong>multitudine</strong></span> <span class='ocrx_word' id='word_1_207' title='bbox 1092 2669 1260 2755; x_wconf 88' lang='lat' dir='ltr'><strong>utriusque</strong></span> 
     </span>
     <span class='ocr_line' id='line_1_28' title="bbox 142 2752 1260 2838; baseline 0.001 -22"><span class='ocrx_word' id='word_1_208' title='bbox 142 2774 239 2818; x_wconf 88' lang='lat' dir='ltr'><strong>sexus</strong></span> <span class='ocrx_word' id='word_1_209' title='bbox 260 2752 356 2817; x_wconf 89' lang='lat' dir='ltr'><strong>huius</strong></span> <span class='ocrx_word' id='word_1_210' title='bbox 369 2753 514 2837; x_wconf 89' lang='lat' dir='ltr'><strong>perversi</strong></span> <span class='ocrx_word' id='word_1_211' title='bbox 528 2753 686 2838; x_wconf 86' lang='lat' dir='ltr'><strong>dogmatis</strong></span> <span class='ocrx_word' id='word_1_212' title='bbox 701 2774 789 2817; x_wconf 90' lang='lat' dir='ltr'><strong>error</strong></span> <span class='ocrx_word' id='word_1_213' title='bbox 803 2754 990 2818; x_wconf 86' lang='lat' dir='ltr'><strong>involveret.</strong></span> <span class='ocrx_word' id='word_1_214' title='bbox 1034 2752 1099 2818; x_wconf 84' lang='lat' dir='ltr'><strong>Sed</strong></span> <span class='ocrx_word' id='word_1_215' title='bbox 1114 2775 1155 2816; x_wconf 91' lang='lat' dir='ltr'><strong>ne</strong></span> <span class='ocrx_word' id='word_1_216' title='bbox 1169 2753 1260 2818; x_wconf 89' lang='lat' dir='ltr'><strong>virus</strong></span> 
     </span>
     <span class='ocr_line' id='line_1_29' title="bbox 141 2834 1261 2903; baseline -0.002 -1"><span class='ocrx_word' id='word_1_217' title='bbox 141 2847 208 2902; x_wconf 85' lang='lat' dir='ltr'><strong>tam</strong></span> <span class='ocrx_word' id='word_1_218' title='bbox 231 2835 412 2903; x_wconf 85' lang='lat' dir='ltr'><strong>execrabile</strong></span> <span class='ocrx_word' id='word_1_219' title='bbox 434 2834 528 2900; x_wconf 87' lang='lat' dir='ltr'><strong>latius</strong></span> <span class='ocrx_word' id='word_1_220' title='bbox 557 2837 592 2899; x_wconf 93' lang='lat' dir='ltr'><strong>in</strong></span> <span class='ocrx_word' id='word_1_221' title='bbox 619 2858 746 2902; x_wconf 92' lang='lat' dir='ltr'><strong>omnem</strong></span> <span class='ocrx_word' id='word_1_222' title='bbox 775 2837 936 2902; x_wconf 91' lang='lat' dir='ltr'><strong>hominem</strong></span> <span class='ocrx_word' id='word_1_223' title='bbox 964 2835 1155 2902; x_wconf 91' lang='lat' dir='ltr'><strong>catholicum</strong></span> <span class='ocrx_word' id='word_1_224' title='bbox 1186 2838 1261 2900; x_wconf 87' lang='lat' dir='ltr'><strong>irre·</strong></span> 
     </span>
     <span class='ocr_line' id='line_1_30' title="bbox 166 2919 1262 2988; baseline -0.003 -2"><span class='ocrx_word' id='word_1_225' title='bbox 166 2930 234 2988; x_wconf 89' lang='lat' dir='ltr'><strong>eret</strong></span> <span class='ocrx_word' id='word_1_226' title='bbox 255 2932 286 2986; x_wconf 91' lang='lat' dir='ltr'><strong>et</strong></span> <span class='ocrx_word' id='word_1_227' title='bbox 308 2919 444 2985; x_wconf 90' lang='lat' dir='ltr'><strong>ecclesia</strong></span> <span class='ocrx_word' id='word_1_228' title='bbox 472 2919 699 2985; x_wconf 88' lang='lat' dir='ltr'><strong>detrimentum</strong></span> <span class='ocrx_word' id='word_1_229' title='bbox 726 2922 760 2985; x_wconf 94' lang='lat' dir='ltr'><strong>in</strong></span> <span class='ocrx_word' id='word_1_230' title='bbox 788 2942 918 2985; x_wconf 90' lang='lat' dir='ltr'><strong>suorum</strong></span> <span class='ocrx_word' id='word_1_231' title='bbox 946 2920 1141 2986; x_wconf 85' lang='lat' dir='ltr'><strong>desolatione</strong></span> <span class='ocrx_word' id='word_1_232' title='bbox 1163 2942 1262 2984; x_wconf 92' lang='lat' dir='ltr'><strong>mem-</strong></span> 
     </span>
     <span class='ocr_line' id='line_1_31' title="bbox 140 2942 1262 3091; baseline 0 -22"><span class='ocrx_word' id='word_1_233' title='bbox 140 2942 273 3070; x_wconf 76' lang='lat' dir='ltr'><strong>brorum</strong></span> <span class='ocrx_word' id='word_1_234' title='bbox 302 3005 487 3086; x_wconf 89' lang='lat' dir='ltr'><strong>sustineret,</strong></span> <span class='ocrx_word' id='word_1_235' title='bbox 519 3002 610 3069; x_wconf 89' lang='lat' dir='ltr'><strong>multi</strong></span> <span class='ocrx_word' id='word_1_236' title='bbox 643 3027 685 3069; x_wconf 86' lang='lat' dir='ltr'><strong>ex</strong></span> <span class='ocrx_word' id='word_1_237' title='bbox 716 3026 815 3091; x_wconf 90' lang='lat' dir='ltr'><strong>regno</strong></span> <span class='ocrx_word' id='word_1_238' title='bbox 842 3005 1134 3071; x_wconf 84' lang='lat' dir='ltr'><strong>Theuthonicorum</strong></span> <span class='ocrx_word' id='word_1_239' title='bbox 1164 3015 1262 3091; x_wconf 90' lang='lat' dir='ltr'><strong>atque</strong></span> 
     </span>
     <span class='ocr_line' id='line_1_32' title="bbox 141 3087 1260 3188; baseline -0.004 -34"><span class='ocrx_word' id='word_1_240' title='bbox 141 3089 339 3154; x_wconf 81' lang='lat' dir='ltr'><strong>Francorum</strong></span> <span class='ocrx_word' id='word_1_241' title='bbox 377 3087 511 3174; x_wconf 87' lang='lat' dir='ltr'><strong>aliisque</strong></span> <span class='ocrx_word' id='word_1_242' title='bbox 553 3088 736 3152; x_wconf 88' lang='lat' dir='ltr'><strong>nationibus</strong></span> <span class='ocrx_word' id='word_1_243' title='bbox 777 3087 845 3154; x_wconf 87' lang='lat' dir='ltr'><strong>zelo</strong></span> <span class='ocrx_word' id='word_1_244' title='bbox 884 3090 1008 3155; x_wconf 90' lang='lat' dir='ltr'><strong>iusticie</strong></span> <span class='ocrx_word' id='word_1_245' title='bbox 1045 3091 1173 3154; x_wconf 91' lang='lat' dir='ltr'><strong>accensi</strong></span> <span class='ocrx_word' id='word_1_246' title='bbox 1199 3109 1260 3188; x_wconf 89' lang='lat' dir='ltr'><strong>pro</strong></span> 
     </span>
     <span class='ocr_line' id='line_1_33' title="bbox 140 3171 1261 3271; baseline -0.001 -34"><span class='ocrx_word' id='word_1_247' title='bbox 140 3173 270 3239; x_wconf 92' lang='lat' dir='ltr'><strong>nomine</strong></span> <span class='ocrx_word' id='word_1_248' title='bbox 286 3171 452 3253; x_wconf 81' lang='lat' dir='ltr'><strong>Omrcifixi,</strong></span> <span class='ocrx_word' id='word_1_249' title='bbox 473 3172 673 3238; x_wconf 88' lang='lat' dir='ltr'><strong>vestimentis</strong></span> <span class='ocrx_word' id='word_1_250' title='bbox 697 3173 846 3238; x_wconf 88' lang='lat' dir='ltr'><strong>crucibus</strong></span> <span class='ocrx_word' id='word_1_251' title='bbox 868 3172 983 3255; x_wconf 84' lang='lat' dir='ltr'><strong>affixis,</strong></span> <span class='ocrx_word' id='word_1_252' title='bbox 1005 3194 1064 3271; x_wconf 87' lang='lat' dir='ltr'><strong>pro</strong></span> <span class='ocrx_word' id='word_1_253' title='bbox 1086 3173 1149 3236; x_wconf 87' lang='lat' dir='ltr'><strong>iam</strong></span> <span class='ocrx_word' id='word_1_254' title='bbox 1174 3173 1261 3238; x_wconf 80' lang='lat' dir='ltr'><strong>dicta</strong></span> 
     </span>
     <span class='ocr_line' id='line_1_34' title="bbox 140 3255 1260 3343; baseline -0.003 -21"><span class='ocrx_word' id='word_1_255' title='bbox 140 3257 246 3322; x_wconf 89' lang='lat' dir='ltr'><strong>heresi</strong></span> <span class='ocrx_word' id='word_1_256' title='bbox 268 3255 461 3321; x_wconf 88' lang='lat' dir='ltr'><strong>destruenda</strong></span> <span class='ocrx_word' id='word_1_257' title='bbox 481 3257 516 3320; x_wconf 94' lang='lat' dir='ltr'><strong>in</strong></span> <span class='ocrx_word' id='word_1_258' title='bbox 537 3265 644 3343; x_wconf 86' lang='lat' dir='ltr'><strong>partes</strong></span> <span class='ocrx_word' id='word_1_259' title='bbox 667 3256 819 3321; x_wconf 88' lang='lat' dir='ltr'><strong>occiduas</strong></span> <span class='ocrx_word' id='word_1_260' title='bbox 841 3256 897 3337; x_wconf 91' lang='lat' dir='ltr'><strong>ire,</strong></span> <span class='ocrx_word' id='word_1_261' title='bbox 921 3256 1113 3320; x_wconf 88' lang='lat' dir='ltr'><strong>unammiter</strong></span> <span class='ocrx_word' id='word_1_262' title='bbox 1135 3279 1168 3321; x_wconf 90' lang='lat' dir='ltr'><strong>se</strong></span> <span class='ocrx_word' id='word_1_263' title='bbox 1190 3277 1260 3342; x_wconf 90' lang='lat' dir='ltr'><strong>pre-</strong></span> 
     </span>
     <span class='ocr_line' id='line_1_35' title="bbox 140 3338 1260 3428; baseline -0.003 -24"><span class='ocrx_word' id='word_1_264' title='bbox 140 3350 345 3428; x_wconf 87' lang='lat' dir='ltr'><strong>paraverunt.</strong></span> <span class='ocrx_word' id='word_1_265' title='bbox 389 3339 500 3405; x_wconf 88' lang='lat' dir='ltr'><strong>Abbas</strong></span> <span class='ocrx_word' id='word_1_266' title='bbox 530 3362 657 3427; x_wconf 89' lang='lat' dir='ltr'><strong>quoque</strong></span> <span class='ocrx_word' id='word_1_267' title='bbox 686 3339 937 3420; x_wconf 63' lang='lat' dir='ltr'><strong>Cisterciensist,</strong></span> <span class='ocrx_word' id='word_1_268' title='bbox 969 3340 1021 3403; x_wconf 90' lang='lat' dir='ltr'><strong>vir</strong></span> <span class='ocrx_word' id='word_1_269' title='bbox 1047 3341 1127 3404; x_wconf 89' lang='lat' dir='ltr'><strong>mire</strong></span> <span class='ocrx_word' id='word_1_270' title='bbox 1153 3338 1260 3425; x_wconf 89' lang='lat' dir='ltr'><strong>probi-</strong></span> 
     </span>
     <span class='ocr_line' id='line_1_36' title="bbox 140 3423 1259 3510; baseline -0.007 -18"><span class='ocrx_word' id='word_1_271' title='bbox 140 3427 215 3492; x_wconf 88' lang='lat' dir='ltr'><strong>tatis</strong></span> <span class='ocrx_word' id='word_1_272' title='bbox 244 3434 276 3489; x_wconf 87' lang='lat' dir='ltr'><strong>et</strong></span> <span class='ocrx_word' id='word_1_273' title='bbox 296 3423 463 3506; x_wconf 86' lang='lat' dir='ltr'><strong>industrie,</strong></span> <span class='ocrx_word' id='word_1_274' title='bbox 496 3425 536 3490; x_wconf 89' lang='lat' dir='ltr'><strong>de</strong></span> <span class='ocrx_word' id='word_1_275' title='bbox 566 3423 696 3490; x_wconf 90' lang='lat' dir='ltr'><strong>consilio</strong></span> <span class='ocrx_word' id='word_1_276' title='bbox 724 3433 757 3489; x_wconf 91' lang='lat' dir='ltr'><strong>et</strong></span> <span class='ocrx_word' id='word_1_277' title='bbox 783 3423 933 3489; x_wconf 90' lang='lat' dir='ltr'><strong>mandato</strong></span> <span class='ocrx_word' id='word_1_278' title='bbox 962 3423 1083 3488; x_wconf 90' lang='lat' dir='ltr'><strong>domini</strong></span> <span class='ocrx_word' id='word_1_279' title='bbox 1108 3444 1192 3510; x_wconf 88' lang='lat' dir='ltr'><strong>pape</strong></span> <span class='ocrx_word' id='word_1_280' title='bbox 1221 3443 1259 3484; x_wconf 87' lang='lat' dir='ltr'><strong>ac</strong></span> 
     </span>
     <span class='ocr_line' id='line_1_37' title="bbox 142 3505 1297 3606; baseline -0.005 -31"><span class='ocrx_word' id='word_1_281' title='bbox 142 3531 301 3575; x_wconf 87' lang='lat' dir='ltr'><strong>consensu</strong></span> <span class='ocrx_word' id='word_1_282' title='bbox 334 3510 430 3573; x_wconf 89' lang='lat' dir='ltr'><strong>totius</strong></span> <span class='ocrx_word' id='word_1_283' title='bbox 464 3508 583 3574; x_wconf 89' lang='lat' dir='ltr'><strong>ordinis</strong></span> <span class='ocrx_word' id='word_1_284' title='bbox 616 3510 667 3573; x_wconf 90' lang='lat' dir='ltr'><strong>sui</strong></span> <span class='ocrx_word' id='word_1_285' title='bbox 699 3529 772 3572; x_wconf 92' lang='lat' dir='ltr'><strong>cum</strong></span> <span class='ocrx_word' id='word_1_286' title='bbox 803 3505 964 3572; x_wconf 89' lang='lat' dir='ltr'><strong>nonnullis</strong></span> <span class='ocrx_word' id='word_1_287' title='bbox 994 3528 1125 3572; x_wconf 88' lang='lat' dir='ltr'><strong>suorum</strong></span> <span class='ocrx_word' id='word_1_288' title='bbox 1156 3527 1260 3606; x_wconf 87' lang='lat' dir='ltr'><strong>prono</strong></span> <span class='ocrx_word' id='word_1_289' title='bbox 1295 3513 1297 3516; x_wconf 82' lang='grc'><strong>’</strong></span> 
     </span>
     <span class='ocr_line' id='line_1_38' title="bbox 140 3590 1259 3673; baseline -0.004 -15"><span class='ocrx_word' id='word_1_290' title='bbox 140 3595 249 3658; x_wconf 90' lang='lat' dir='ltr'><strong>animo</strong></span> <span class='ocrx_word' id='word_1_291' title='bbox 272 3615 341 3658; x_wconf 87' lang='lat' dir='ltr'><strong>sese</strong></span> <span class='ocrx_word' id='word_1_292' title='bbox 363 3590 590 3658; x_wconf 88' lang='lat' dir='ltr'><strong>comitantibus</strong></span> <span class='ocrx_word' id='word_1_293' title='bbox 613 3591 689 3657; x_wconf 91' lang='lat' dir='ltr'><strong>illuc</strong></span> <span class='ocrx_word' id='word_1_294' title='bbox 712 3615 747 3656; x_wconf 91' lang='lat' dir='ltr'><strong>se</strong></span> <span class='ocrx_word' id='word_1_295' title='bbox 768 3592 971 3673; x_wconf 87' lang='lat' dir='ltr'><strong>transferens,</strong></span> <span class='ocrx_word' id='word_1_296' title='bbox 998 3590 1099 3655; x_wconf 90' lang='lat' dir='ltr'><strong>multa</strong></span> <span class='ocrx_word' id='word_1_297' title='bbox 1120 3591 1165 3657; x_wconf 92' lang='lat' dir='ltr'><strong>ib1</strong></span> <span class='ocrx_word' id='word_1_298' title='bbox 1186 3591 1259 3655; x_wconf 91' lang='lat' dir='ltr'><strong>viri-</strong></span> 
     </span>
     <span class='ocr_line' id='line_1_39' title="bbox 140 3675 1020 3762; baseline 0 -22"><span class='ocrx_word' id='word_1_299' title='bbox 140 3675 212 3744; x_wconf 90' lang='lat' dir='ltr'><strong>liter</strong></span> <span class='ocrx_word' id='word_1_300' title='bbox 235 3685 385 3762; x_wconf 88' lang='lat' dir='ltr'><strong>operatus</strong></span> <span class='ocrx_word' id='word_1_301' title='bbox 407 3686 465 3742; x_wconf 80' lang='lat' dir='ltr'><strong>est.</strong></span> <span class='ocrx_word' id='word_1_302' title='bbox 1019 3684 1020 3688; x_wconf 77' lang='grc'>’</span> 
     </span>
    </p>
   </div>
   <div class='ocr_carea' id='block_1_5' title="bbox 140 3891 856 3948">
    <p class='ocr_par' dir='ltr' id='par_1_6' title="bbox 140 3891 856 3948">
     <span class='ocr_line' id='line_1_40' title="bbox 140 3891 856 3948; baseline -0.006 -12"><span class='ocrx_word' id='word_1_303' title='bbox 140 3893 163 3948; x_wconf 84' lang='lat' dir='ltr'><strong>a)</strong></span> <span class='ocrx_word' id='word_1_304' title='bbox 180 3907 263 3937; x_wconf 81' lang='lat' dir='ltr'><strong>ccorr.</strong></span> <span class='ocrx_word' id='word_1_305' title='bbox 280 3894 327 3937; x_wconf 72' lang='lat' dir='ltr'><strong>At.</strong></span> <span class='ocrx_word' id='word_1_306' title='bbox 387 3893 546 3946; x_wconf 67' lang='grc'>1))111111112.</span> <span class='ocrx_word' id='word_1_307' title='bbox 608 3892 629 3946; x_wconf 89' lang='lat' dir='ltr'><strong>c)</strong></span> <span class='ocrx_word' id='word_1_308' title='bbox 646 3894 792 3944; x_wconf 79' lang='lat' dir='ltr'><strong>Hispanum</strong></span> <span class='ocrx_word' id='word_1_309' title='bbox 808 3891 856 3932; x_wconf 63' lang='lat' dir='ltr'><strong>Aa.</strong></span> 
     </span>
    </p>
   </div>
   <div class='ocr_carea' id='block_1_6' title="bbox 140 4069 1262 4432">
    <p class='ocr_par' dir='ltr' id='par_1_7' title="bbox 140 4069 1262 4432">
     <span class='ocr_line' id='line_1_41' title="bbox 142 4069 1260 4141; baseline 0 -19"><span class='ocrx_word' id='word_1_310' title='bbox 142 4072 170 4141; x_wconf 91' lang='lat'><strong>1)</strong></span> <span class='ocrx_word' id='word_1_311' title='bbox 189 4075 232 4126; x_wconf 85' lang='lat' dir='ltr'><strong>cel</strong></span> <span class='ocrx_word' id='word_1_312' title='bbox 249 4073 278 4124; x_wconf 88' lang='lat' dir='ltr'><strong>in</strong></span> <span class='ocrx_word' id='word_1_313' title='bbox 297 4092 334 4134; x_wconf 88' lang='lat' dir='ltr'><strong>c.,·</strong></span> <span class='ocrx_word' id='word_1_314' title='bbox 361 4071 409 4124; x_wconf 83' lang='lat' dir='ltr'><strong>ced</strong></span> <span class='ocrx_word' id='word_1_315' title='bbox 431 4088 515 4136; x_wconf 80' lang='lat' dir='ltr'><strong>acque</strong></span> <span class='ocrx_word' id='word_1_316' title='bbox 538 4071 603 4122; x_wconf 80' lang='lat' dir='ltr'><strong>haec</strong></span> <span class='ocrx_word' id='word_1_317' title='bbox 627 4087 711 4136; x_wconf 79' lang='lat' dir='ltr'><strong>acque</strong></span> <span class='ocrx_word' id='word_1_318' title='bbox 736 4071 785 4121; x_wconf 76' lang='lat' dir='ltr'><strong>itta</strong></span> <span class='ocrx_word' id='word_1_319' title='bbox 812 4071 869 4122; x_wconf 81' lang='lat' dir='ltr'><strong>dies</strong></span> <span class='ocrx_word' id='word_1_320' title='bbox 886 4071 946 4136; x_wconf 83' lang='lat' dir='ltr'><strong>suit</strong></span> <span class='ocrx_word' id='word_1_321' title='bbox 974 4071 1124 4133; x_wconf 83' lang='lat' dir='ltr'><strong>dominicc,·</strong></span> <span class='ocrx_word' id='word_1_322' title='bbox 1149 4070 1175 4122; x_wconf 77' lang='grc' dir='ltr'><strong>ὅ.</strong></span> <span class='ocrx_word' id='word_1_323' title='bbox 1197 4069 1260 4122; x_wconf 84' lang='lat' dir='ltr'><strong>Kal.</strong></span> 
     </span>
     <span class='ocr_line' id='line_1_42' title="bbox 143 4141 1260 4210; baseline -0.003 -12"><span class='ocrx_word' id='word_1_324' title='bbox 143 4146 245 4199; x_wconf 85' lang='lat' dir='ltr'><strong>Octobr.</strong></span> <span class='ocrx_word' id='word_1_325' title='bbox 266 4146 314 4197; x_wconf 82' lang='lat' dir='ltr'><strong>clii</strong></span> <span class='ocrx_word' id='word_1_326' title='bbox 333 4144 401 4196; x_wconf 82' lang='lat' dir='ltr'><strong>diem</strong></span> <span class='ocrx_word' id='word_1_327' title='bbox 420 4141 596 4195; x_wconf 76' lang='lat' dir='ltr'><strong>coronationis</strong></span> <span class='ocrx_word' id='word_1_328' title='bbox 614 4143 744 4208; x_wconf 78' lang='lat' dir='ltr'><strong>indicant,</strong></span> <span class='ocrx_word' id='word_1_329' title='bbox 764 4144 884 4209; x_wconf 77' lang='lat' dir='ltr'><strong>quamvis</strong></span> <span class='ocrx_word' id='word_1_330' title='bbox 899 4142 1021 4210; x_wconf 79' lang='lat' dir='ltr'><strong>plerique</strong></span> <span class='ocrx_word' id='word_1_331' title='bbox 1040 4145 1137 4197; x_wconf 81' lang='lat' dir='ltr'><strong>rectius</strong></span> <span class='ocrx_word' id='word_1_332' title='bbox 1151 4145 1177 4195; x_wconf 88' lang='lat'><strong>4.</strong></span> <span class='ocrx_word' id='word_1_333' title='bbox 1188 4143 1260 4195; x_wconf 83' lang='lat' dir='ltr'><strong>Noa.</strong></span> 
     </span>
     <span class='ocr_line' id='line_1_43' title="bbox 143 4215 1261 4286; baseline -0.004 -15"><span class='ocrx_word' id='word_1_334' title='bbox 143 4219 243 4272; x_wconf 83' lang='lat' dir='ltr'><strong>Octobr.</strong></span> <span class='ocrx_word' id='word_1_335' title='bbox 256 4218 325 4284; x_wconf 89' lang='lat' dir='ltr'><strong>(Oct.</strong></span> <span class='ocrx_word' id='word_1_336' title='bbox 339 4218 368 4284; x_wconf 85' lang='lat'><strong>4)</strong></span> <span class='ocrx_word' id='word_1_337' title='bbox 380 4226 498 4283; x_wconf 78' lang='lat' dir='ltr'><strong>ponant,-</strong></span> <span class='ocrx_word' id='word_1_338' title='bbox 517 4217 553 4284; x_wconf 89' lang='lat' dir='ltr'><strong>cf.</strong></span> <span class='ocrx_word' id='word_1_339' title='bbox 571 4216 752 4270; x_wconf 78' lang='lat' dir='ltr'><strong>Wakclmuna</strong></span> <span class='ocrx_word' id='word_1_340' title='bbox 764 4216 807 4279; x_wconf 89' lang='grc' dir='ltr'><strong>ΙΙ,</strong></span> <span class='ocrx_word' id='word_1_341' title='bbox 820 4231 847 4282; x_wconf 81' lang='lat' dir='ltr'><strong>p.</strong></span> <span class='ocrx_word' id='word_1_342' title='bbox 859 4217 921 4270; x_wconf 87' lang='grc'>496,</span> <span class='ocrx_word' id='word_1_343' title='bbox 961 4215 990 4286; x_wconf 79' lang='grc'><strong>2)</strong></span> <span class='ocrx_word' id='word_1_344' title='bbox 1001 4235 1027 4270; x_wconf 84' lang='lat' dir='ltr'><strong>a.</strong></span> <span class='ocrx_word' id='word_1_345' title='bbox 1043 4217 1122 4280; x_wconf 82' lang='lat'><strong>1210,</strong></span> <span class='ocrx_word' id='word_1_346' title='bbox 1134 4215 1202 4268; x_wconf 86' lang='lat' dir='ltr'><strong>Noc.</strong></span> <span class='ocrx_word' id='word_1_347' title='bbox 1218 4216 1261 4267; x_wconf 88' lang='lat'><strong>18.</strong></span> 
     </span>
     <span class='ocr_line' id='line_1_44' title="bbox 140 4288 1262 4361; baseline -0.003 -17"><span class='ocrx_word' id='word_1_348' title='bbox 140 4294 170 4360; x_wconf 81' lang='lat'><strong>³)</strong></span> <span class='ocrx_word' id='word_1_349' title='bbox 191 4292 232 4361; x_wconf 60' lang='lat' dir='ltr'><strong>Cy*</strong></span> <span class='ocrx_word' id='word_1_350' title='bbox 259 4309 327 4358; x_wconf 77' lang='lat' dir='ltr'><strong>quae</strong></span> <span class='ocrx_word' id='word_1_351' title='bbox 353 4290 426 4345; x_wconf 79' lang='lat' dir='ltr'><strong>Ooat.</strong></span> <span class='ocrx_word' id='word_1_352' title='bbox 451 4291 510 4342; x_wconf 92' lang='grc' dir='ltr'><em>ΙΙΙ.</em></span> <span class='ocrx_word' id='word_1_353' title='bbox 536 4289 652 4344; x_wconf 81' lang='lat' dir='ltr'><strong>ciusdem</strong></span> <span class='ocrx_word' id='word_1_354' title='bbox 678 4291 827 4359; x_wconf 66' lang='lat' dir='ltr'><strong>argumenti</strong></span> <span class='ocrx_word' id='word_1_355' title='bbox 845 4288 935 4342; x_wconf 82' lang='lat' dir='ltr'><strong>tradit.</strong></span> <span class='ocrx_word' id='word_1_356' title='bbox 1048 4288 1077 4357; x_wconf 82' lang='lat'><strong>4)</strong></span> <span class='ocrx_word' id='word_1_357' title='bbox 1104 4288 1143 4341; x_wconf 79' lang='lat' dir='ltr'><strong>St.</strong></span> <span class='ocrx_word' id='word_1_358' title='bbox 1170 4288 1262 4341; x_wconf 70' lang='lat' dir='ltr'><strong>citrea.</strong></span> 
     </span>
     <span class='ocr_line' id='line_1_45' title="bbox 140 4365 336 4432; baseline 0 -14"><span class='ocrx_word' id='word_1_359' title='bbox 140 4365 171 4432; x_wconf 77' lang='grc' dir='ltr'><strong>ὅ)</strong></span> <span class='ocrx_word' id='word_1_360' title='bbox 191 4366 336 4418; x_wconf 82' lang='lat' dir='ltr'><strong>Araolduc.</strong></span> 
     </span>
    </p>
   </div>
   <div class='ocr_carea' id='block_1_7' title="bbox 0 0 1566 4978">
    <p class='ocr_par' dir='ltr' id='par_1_8' title="bbox 0 0 1566 4978">
     <span class='ocr_line' id='line_1_46' title="bbox 0 0 1566 4978; baseline 0 1"><span class='ocrx_word' id='word_1_361' title='bbox 0 0 1566 4978; x_wconf 95' lang='lat' dir='ltr'><strong> </strong></span> 
     </span>
    </p>
   </div>
  </div>
 </body>
</html>
