<?xml version="1.0" encoding="UTF-8"?>
<!DOCTYPE html PUBLIC "-//W3C//DTD XHTML 1.0 Transitional//EN"
    "http://www.w3.org/TR/xhtml1/DTD/xhtml1-transitional.dtd">
<html xmlns="http://www.w3.org/1999/xhtml" xml:lang="en" lang="en">
 <head>
  <title>
</title>
<meta http-equiv="Content-Type" content="text/html;charset=utf-8" />
  <meta name='ocr-system' content='tesseract 3.04.00' />
  <meta name='ocr-capabilities' content='ocr_page ocr_carea ocr_par ocr_line ocrx_word'/>
</head>
<body>
  <div class='ocr_page' id='page_1' title='image "./chronicaregiaco00germgoog_0273.png"; bbox 0 0 3098 4982; ppageno 0'>
   <div class='ocr_carea' id='block_1_1' title="bbox 236 425 1272 504">
    <p class='ocr_par' dir='ltr' id='par_1_1' title="bbox 236 425 1272 504">
     <span class='ocr_line' id='line_1_1' title="bbox 236 425 1272 504; baseline 0.002 -28"><span class='ocrx_word' id='word_1_1' title='bbox 236 425 425 478; x_wconf 81' lang='lat' dir='ltr'>CHRONIOA</span> <span class='ocrx_word' id='word_1_2' title='bbox 443 425 557 477; x_wconf 81' lang='lat' dir='ltr'><strong>REGIA</strong></span> <span class='ocrx_word' id='word_1_3' title='bbox 578 425 823 504; x_wconf 72' lang='lat' dir='ltr'><strong>conorlarsrs</strong></span> <span class='ocrx_word' id='word_1_4' title='bbox 855 427 1022 480; x_wconf 67' lang='lat' dir='ltr'><strong>coralli.</strong></span> <span class='ocrx_word' id='word_1_5' title='bbox 1043 429 1167 480; x_wconf 79' lang='lat' dir='ltr'><strong>A.1217.</strong></span> <span class='ocrx_word' id='word_1_6' title='bbox 1219 429 1272 478; x_wconf 79' lang='lat'><strong>243</strong></span> 
     </span>
    </p>
   </div>
   <div class='ocr_carea' id='block_1_2' title="bbox 52 599 1393 1548">
    <p class='ocr_par' dir='ltr' id='par_1_2' title="bbox 52 599 1393 1548">
     <span class='ocr_line' id='line_1_2' title="bbox 550 599 898 652; baseline 0.011 -3"><span class='ocrx_word' id='word_1_7' title='bbox 550 599 713 651; x_wconf 80' lang='lat' dir='ltr'><strong>Recensio</strong></span> <span class='ocrx_word' id='word_1_8' title='bbox 732 600 757 651; x_wconf 93' lang='grc' dir='ltr'><strong>Ι.</strong></span> <span class='ocrx_word' id='word_1_9' title='bbox 777 609 806 652; x_wconf 85' lang='lat' dir='ltr'><strong>et</strong></span> <span class='ocrx_word' id='word_1_10' title='bbox 825 601 869 652; x_wconf 87' lang='lat' dir='ltr'><strong>H.</strong></span> <span class='ocrx_word' id='word_1_11' title='bbox 897 621 898 626; x_wconf 52' lang='lat'>¹</span> 
     </span>
     <span class='ocr_line' id='line_1_3' title="bbox 147 669 1347 740; baseline 0 -16"><span class='ocrx_word' id='word_1_12' title='bbox 147 678 277 724; x_wconf 89' lang='lat' dir='ltr'><strong>venerunt</strong></span> <span class='ocrx_word' id='word_1_13' title='bbox 297 669 483 734; x_wconf 79' lang='lat' dir='ltr'><strong>Bethsaidam,</strong></span> <span class='ocrx_word' id='word_1_14' title='bbox 502 675 548 724; x_wconf 91' lang='lat' dir='ltr'><strong>ubi</strong></span> <span class='ocrx_word' id='word_1_15' title='bbox 569 680 658 723; x_wconf 87' lang='lat' dir='ltr'><strong>castra</strong></span> <span class='ocrx_word' id='word_1_16' title='bbox 676 672 771 724; x_wconf 87' lang='lat' dir='ltr'><strong>fixerat</strong></span> <span class='ocrx_word' id='word_1_17' title='bbox 790 675 969 726; x_wconf 88' lang='lat' dir='ltr'><strong>adversarius.</strong></span> <span class='ocrx_word' id='word_1_18' title='bbox 999 674 1053 725; x_wconf 85' lang='lat' dir='ltr'><strong>Sed</strong></span> <span class='ocrx_word' id='word_1_19' title='bbox 1072 677 1150 726; x_wconf 89' lang='lat' dir='ltr'><strong>trium</strong></span> <span class='ocrx_word' id='word_1_20' title='bbox 1170 691 1271 740; x_wconf 82' lang='lat' dir='ltr'><strong>regum,</strong></span> <span class='ocrx_word' id='word_1_21' title='bbox 1285 683 1347 727; x_wconf 59' lang='lat' dir='ltr'><strong>oliv:</strong></span> 
     </span>
     <span class='ocr_line' id='line_1_4' title="bbox 146 747 1272 814; baseline -0.001 -15"><span class='ocrx_word' id='word_1_22' title='bbox 146 749 284 812; x_wconf 88' lang='lat' dir='ltr'><strong>Ungariae</strong></span> <span class='ocrx_word' id='word_1_23' title='bbox 310 747 425 810; x_wconf 88' lang='lat' dir='ltr'><strong>scilicet,</strong></span> <span class='ocrx_word' id='word_1_24' title='bbox 453 747 680 798; x_wconf 89' lang='lat' dir='ltr'><strong>lherosolimitani</strong></span> <span class='ocrx_word' id='word_1_25' title='bbox 700 754 727 798; x_wconf 93' lang='lat' dir='ltr'><strong>et</strong></span> <span class='ocrx_word' id='word_1_26' title='bbox 751 748 834 814; x_wconf 85' lang='lat' dir='ltr'><strong>Cipri,</strong></span> <span class='ocrx_word' id='word_1_27' title='bbox 859 765 912 798; x_wconf 88' lang='lat' dir='ltr'><strong>non</strong></span> <span class='ocrx_word' id='word_1_28' title='bbox 938 749 1073 800; x_wconf 88' lang='lat' dir='ltr'><strong>sustinens</strong></span> <span class='ocrx_word' id='word_1_29' title='bbox 1100 750 1272 814; x_wconf 88' lang='lat' dir='ltr'><strong>presentiam,</strong></span> 
     </span>
     <span class='ocr_line' id='line_1_5' title="bbox 146 820 1272 887; baseline 0.002 -16"><span class='ocrx_word' id='word_1_30' title='bbox 146 823 260 887; x_wconf 81' lang='lat' dir='ltr'>fugiens,</span> <span class='ocrx_word' id='word_1_31' title='bbox 280 827 377 872; x_wconf 87' lang='lat' dir='ltr'><strong>terram</strong></span> <span class='ocrx_word' id='word_1_32' title='bbox 397 820 555 871; x_wconf 85' lang='lat' dir='ltr'><strong>vastandam</strong></span> <span class='ocrx_word' id='word_1_33' title='bbox 584 820 737 871; x_wconf 85' lang='lat' dir='ltr'><strong>christianis</strong></span> <span class='ocrx_word' id='word_1_34' title='bbox 762 822 879 887; x_wconf 90' lang='lat' dir='ltr'><strong>reliquit.</strong></span> <span class='ocrx_word' id='word_1_35' title='bbox 917 820 995 872; x_wconf 85' lang='lat' dir='ltr'>Unde</span> <span class='ocrx_word' id='word_1_36' title='bbox 1021 820 1163 872; x_wconf 83' lang='lat' dir='ltr'><strong>Iordanem</strong></span> <span class='ocrx_word' id='word_1_37' title='bbox 1187 829 1272 874; x_wconf 89' lang='lat' dir='ltr'><strong>trans·</strong></span> 
     </span>
     <span class='ocr_line' id='line_1_6' title="bbox 148 893 1393 960; baseline -0.001 -14"><span class='ocrx_word' id='word_1_38' title='bbox 148 901 241 946; x_wconf 86' lang='lat' dir='ltr'><strong>euntes</strong></span> <span class='ocrx_word' id='word_1_39' title='bbox 264 896 293 943; x_wconf 91' lang='lat' dir='ltr'><strong>in</strong></span> <span class='ocrx_word' id='word_1_40' title='bbox 314 893 409 958; x_wconf 88' lang='lat' dir='ltr'><strong>vigilia</strong></span> <span class='ocrx_word' id='word_1_41' title='bbox 433 896 521 944; x_wconf 88' lang='lat' dir='ltr'><strong>saneti</strong></span> <span class='ocrx_word' id='word_1_42' title='bbox 539 895 658 955; x_wconf 89' lang='lat' dir='ltr'><strong>Martini,</strong></span> <span class='ocrx_word' id='word_1_43' title='bbox 679 909 790 960; x_wconf 90' lang='lat' dir='ltr'><strong>corpora</strong></span> <span class='ocrx_word' id='word_1_44' title='bbox 814 910 862 945; x_wconf 89' lang='lat' dir='ltr'><strong>sua</strong></span> <span class='ocrx_word' id='word_1_45' title='bbox 888 893 1003 960; x_wconf 89' lang='lat' dir='ltr'><strong>pacifice</strong></span> <span class='ocrx_word' id='word_1_46' title='bbox 1028 895 1159 958; x_wconf 88' lang='lat' dir='ltr'><strong>laverunt,</strong></span> <span class='ocrx_word' id='word_1_47' title='bbox 1187 901 1213 946; x_wconf 91' lang='lat' dir='ltr'><strong>et</strong></span> <span class='ocrx_word' id='word_1_48' title='bbox 1232 900 1338 945; x_wconf 80' lang='lat' dir='ltr'><strong>rs·Nav.</strong></span> <span class='ocrx_word' id='word_1_49' title='bbox 1355 901 1393 942; x_wconf 75' lang='lat'><strong>10.</strong></span> 
     </span>
     <span class='ocr_line' id='line_1_7' title="bbox 52 966 1273 1038; baseline -0.002 -19"><span class='ocrx_word' id='word_1_50' title='bbox 52 1029 56 1038; x_wconf 35' lang='grc' dir='ltr'>Ι</span> <span class='ocrx_word' id='word_1_51' title='bbox 146 971 304 1034; x_wconf 83' lang='lat' dir='ltr'><strong>quieverunt</strong></span> <span class='ocrx_word' id='word_1_52' title='bbox 322 983 370 1033; x_wconf 93' lang='lat' dir='ltr'><strong>per</strong></span> <span class='ocrx_word' id='word_1_53' title='bbox 389 967 553 1031; x_wconf 68' lang='lat' dir='ltr'><strong>triduum23</strong></span> <span class='ocrx_word' id='word_1_54' title='bbox 574 966 671 1017; x_wconf 89' lang='lat' dir='ltr'><strong>deinde</strong></span> <span class='ocrx_word' id='word_1_55' title='bbox 691 983 769 1019; x_wconf 92' lang='lat' dir='ltr'><strong>secus</strong></span> <span class='ocrx_word' id='word_1_56' title='bbox 788 967 851 1018; x_wconf 88' lang='lat' dir='ltr'><strong>litus</strong></span> <span class='ocrx_word' id='word_1_57' title='bbox 871 970 951 1018; x_wconf 91' lang='lat' dir='ltr'><strong>maris</strong></span> <span class='ocrx_word' id='word_1_58' title='bbox 977 967 1099 1018; x_wconf 80' lang='lat' dir='ltr'><strong>Galileae</strong></span> <span class='ocrx_word' id='word_1_59' title='bbox 1125 975 1181 1019; x_wconf 87' lang='lat' dir='ltr'><strong>tres</strong></span> <span class='ocrx_word' id='word_1_60' title='bbox 1199 984 1273 1018; x_wconf 88' lang='lat' dir='ltr'><strong>man·</strong></span> 
     </span>
     <span class='ocr_line' id='line_1_8' title="bbox 146 1034 1274 1106; baseline 0 -14"><span class='ocrx_word' id='word_1_61' title='bbox 146 1044 236 1092; x_wconf 90' lang='lat' dir='ltr'><strong>siones</strong></span> <span class='ocrx_word' id='word_1_62' title='bbox 254 1041 377 1090; x_wconf 85' lang='lat' dir='ltr'><strong>fecerunt</strong></span> <span class='ocrx_word' id='word_1_63' title='bbox 395 1046 569 1106; x_wconf 80' lang='lat' dir='ltr'><strong>peragrantes</strong></span> <span class='ocrx_word' id='word_1_64' title='bbox 591 1034 706 1106; x_wconf 69' lang='lat' dir='ltr'><strong>[local],</strong></span> <span class='ocrx_word' id='word_1_65' title='bbox 727 1043 754 1090; x_wconf 92' lang='lat' dir='ltr'><strong>in</strong></span> <span class='ocrx_word' id='word_1_66' title='bbox 775 1041 871 1106; x_wconf 89' lang='lat' dir='ltr'><strong>quibus</strong></span> <span class='ocrx_word' id='word_1_67' title='bbox 891 1039 1016 1092; x_wconf 78' lang='lat' dir='ltr'>Salvator</span> <span class='ocrx_word' id='word_1_68' title='bbox 1035 1047 1207 1092; x_wconf 87' lang='lat' dir='ltr'><strong>conversatus</strong></span> <span class='ocrx_word' id='word_1_69' title='bbox 1225 1048 1274 1105; x_wconf 87' lang='lat' dir='ltr'><strong>est,</strong></span> 
     </span>
     <span class='ocr_line' id='line_1_9' title="bbox 147 1113 1274 1181; baseline -0.002 -16"><span class='ocrx_word' id='word_1_70' title='bbox 147 1115 310 1181; x_wconf 82' lang='lat' dir='ltr'><strong>aspicientes</strong></span> <span class='ocrx_word' id='word_1_71' title='bbox 336 1113 512 1165; x_wconf 87' lang='lat' dir='ltr'><strong>Bethsaidam</strong></span> <span class='ocrx_word' id='word_1_72' title='bbox 521 1120 543 1176; x_wconf 81' lang='lat'><strong>⁰,</strong></span> <span class='ocrx_word' id='word_1_73' title='bbox 570 1115 707 1164; x_wconf 89' lang='lat' dir='ltr'><strong>civitatem</strong></span> <span class='ocrx_word' id='word_1_74' title='bbox 734 1114 860 1165; x_wconf 85' lang='lat' dir='ltr'><strong>Andreae</strong></span> <span class='ocrx_word' id='word_1_75' title='bbox 881 1118 908 1163; x_wconf 91' lang='lat' dir='ltr'><strong>et</strong></span> <span class='ocrx_word' id='word_1_76' title='bbox 926 1115 1008 1176; x_wconf 88' lang='lat' dir='ltr'><strong>Petri,</strong></span> <span class='ocrx_word' id='word_1_77' title='bbox 1033 1130 1104 1164; x_wconf 91' lang='lat' dir='ltr'><strong>nunc</strong></span> <span class='ocrx_word' id='word_1_78' title='bbox 1129 1117 1158 1164; x_wconf 92' lang='lat' dir='ltr'><strong>in</strong></span> <span class='ocrx_word' id='word_1_79' title='bbox 1184 1115 1274 1166; x_wconf 85' lang='lat' dir='ltr'><strong>casale</strong></span> 
     </span>
     <span class='ocr_line' id='line_1_10' title="bbox 148 1186 1274 1254; baseline 0 -16"><span class='ocrx_word' id='word_1_80' title='bbox 148 1187 282 1238; x_wconf 91' lang='lat' dir='ltr'><strong>modicum</strong></span> <span class='ocrx_word' id='word_1_81' title='bbox 309 1186 456 1238; x_wconf 87' lang='lat' dir='ltr'><strong>redactam.</strong></span> <span class='ocrx_word' id='word_1_82' title='bbox 507 1187 698 1237; x_wconf 89' lang='lat' dir='ltr'><strong>Demonstrata</strong></span> <span class='ocrx_word' id='word_1_83' title='bbox 723 1193 785 1238; x_wconf 91' lang='lat' dir='ltr'><strong>sunt</strong></span> <span class='ocrx_word' id='word_1_84' title='bbox 809 1187 879 1247; x_wconf 92' lang='lat' dir='ltr'><strong>loca,</strong></span> <span class='ocrx_word' id='word_1_85' title='bbox 905 1188 951 1237; x_wconf 90' lang='lat' dir='ltr'><strong>nbi</strong></span> <span class='ocrx_word' id='word_1_86' title='bbox 977 1187 1099 1239; x_wconf 82' lang='lat' dir='ltr'><strong>Christus</strong></span> <span class='ocrx_word' id='word_1_87' title='bbox 1127 1187 1274 1254; x_wconf 91' lang='lat' dir='ltr'><strong>discipulos</strong></span> 
     </span>
     <span class='ocr_line' id='line_1_11' title="bbox 147 1259 1274 1326; baseline -0.002 -14"><span class='ocrx_word' id='word_1_88' title='bbox 147 1263 256 1312; x_wconf 87' lang='lat' dir='ltr'><strong>vocavit</strong></span> <span class='ocrx_word' id='word_1_89' title='bbox 276 1267 302 1310; x_wconf 89' lang='lat' dir='ltr'><strong>et</strong></span> <span class='ocrx_word' id='word_1_90' title='bbox 321 1275 402 1325; x_wconf 86' lang='lat' dir='ltr'><strong>supra</strong></span> <span class='ocrx_word' id='word_1_91' title='bbox 421 1277 494 1310; x_wconf 90' lang='lat' dir='ltr'><strong>mare</strong></span> <span class='ocrx_word' id='word_1_92' title='bbox 521 1261 602 1310; x_wconf 89' lang='lat' dir='ltr'><strong>siccis</strong></span> <span class='ocrx_word' id='word_1_93' title='bbox 626 1259 741 1326; x_wconf 91' lang='lat' dir='ltr'><strong>pedibus</strong></span> <span class='ocrx_word' id='word_1_94' title='bbox 767 1261 931 1323; x_wconf 88' lang='lat' dir='ltr'><strong>ambulavit;</strong></span> <span class='ocrx_word' id='word_1_95' title='bbox 958 1260 1092 1311; x_wconf 89' lang='lat' dir='ltr'><strong>desertum</strong></span> <span class='ocrx_word' id='word_1_96' title='bbox 1111 1263 1274 1311; x_wconf 87' lang='lat' dir='ltr'><strong>transierunt</strong></span> 
     </span>
     <span class='ocr_line' id='line_1_12' title="bbox 148 1332 1274 1400; baseline 0 -16"><span class='ocrx_word' id='word_1_97' title='bbox 148 1341 176 1384; x_wconf 89' lang='lat' dir='ltr'><strong>et</strong></span> <span class='ocrx_word' id='word_1_98' title='bbox 194 1335 256 1384; x_wconf 89' lang='lat' dir='ltr'><strong>loca</strong></span> <span class='ocrx_word' id='word_1_99' title='bbox 274 1334 320 1384; x_wconf 92' lang='lat' dir='ltr'><strong>ubi</strong></span> <span class='ocrx_word' id='word_1_100' title='bbox 339 1334 470 1384; x_wconf 87' lang='lat' dir='ltr'><strong>Dominus</strong></span> <span class='ocrx_word' id='word_1_101' title='bbox 491 1335 581 1384; x_wconf 88' lang='lat' dir='ltr'><strong>turbas</strong></span> <span class='ocrx_word' id='word_1_102' title='bbox 601 1335 676 1400; x_wconf 84' lang='lat' dir='ltr'><strong>pavit</strong></span> <span class='ocrx_word' id='word_1_103' title='bbox 696 1340 722 1383; x_wconf 90' lang='lat' dir='ltr'><strong>et</strong></span> <span class='ocrx_word' id='word_1_104' title='bbox 747 1334 793 1384; x_wconf 91' lang='lat' dir='ltr'><strong>ubi</strong></span> <span class='ocrx_word' id='word_1_105' title='bbox 820 1349 880 1385; x_wconf 91' lang='lat' dir='ltr'><strong>cum</strong></span> <span class='ocrx_word' id='word_1_106' title='bbox 902 1332 1041 1399; x_wconf 86' lang='lat' dir='ltr'><strong>discipulis</strong></span> <span class='ocrx_word' id='word_1_107' title='bbox 1061 1339 1121 1400; x_wconf 91' lang='lat' dir='ltr'><strong>post</strong></span> <span class='ocrx_word' id='word_1_108' title='bbox 1139 1349 1274 1385; x_wconf 90' lang='lat' dir='ltr'><strong>resurrec-</strong></span> 
     </span>
     <span class='ocr_line' id='line_1_13' title="bbox 147 1405 1275 1473; baseline 0 -15"><span class='ocrx_word' id='word_1_109' title='bbox 147 1410 248 1458; x_wconf 91' lang='lat' dir='ltr'><strong>tionem</strong></span> <span class='ocrx_word' id='word_1_110' title='bbox 268 1406 449 1469; x_wconf 87' lang='lat' dir='ltr'><strong>manducavit,</strong></span> <span class='ocrx_word' id='word_1_111' title='bbox 470 1413 497 1456; x_wconf 86' lang='lat' dir='ltr'><strong>et</strong></span> <span class='ocrx_word' id='word_1_112' title='bbox 522 1409 563 1457; x_wconf 87' lang='lat' dir='ltr'><strong>sic</strong></span> <span class='ocrx_word' id='word_1_113' title='bbox 588 1422 636 1473; x_wconf 91' lang='lat' dir='ltr'><strong>per</strong></span> <span class='ocrx_word' id='word_1_114' title='bbox 656 1406 853 1473; x_wconf 85' lang='lat' dir='ltr'><strong>Capharnaum,</strong></span> <span class='ocrx_word' id='word_1_115' title='bbox 874 1409 902 1456; x_wconf 89' lang='lat' dir='ltr'><strong>in</strong></span> <span class='ocrx_word' id='word_1_116' title='bbox 928 1408 1053 1456; x_wconf 89' lang='lat' dir='ltr'><strong>iumentis</strong></span> <span class='ocrx_word' id='word_1_117' title='bbox 1072 1405 1193 1458; x_wconf 88' lang='lat' dir='ltr'><strong>infirmos</strong></span> <span class='ocrx_word' id='word_1_118' title='bbox 1212 1420 1275 1458; x_wconf 87' lang='lat' dir='ltr'><strong>suos</strong></span> 
     </span>
     <span class='ocr_line' id='line_1_14' title="bbox 149 1479 1274 1548; baseline -0.001 -16"><span class='ocrx_word' id='word_1_119' title='bbox 149 1486 297 1548; x_wconf 86' lang='lat' dir='ltr'><strong>portantes,</strong></span> <span class='ocrx_word' id='word_1_120' title='bbox 316 1481 416 1532; x_wconf 87' lang='lat' dir='ltr'><strong>reversi</strong></span> <span class='ocrx_word' id='word_1_121' title='bbox 442 1486 504 1530; x_wconf 87' lang='lat' dir='ltr'><strong>sunt</strong></span> <span class='ocrx_word' id='word_1_122' title='bbox 523 1481 629 1530; x_wconf 83' lang='lat' dir='ltr'><strong>Acaron</strong></span> <span class='ocrx_word' id='word_1_123' title='bbox 650 1495 709 1530; x_wconf 90' lang='lat' dir='ltr'><strong>cum</strong></span> <span class='ocrx_word' id='word_1_124' title='bbox 733 1480 818 1546; x_wconf 88' lang='lat' dir='ltr'><strong>preda</strong></span> <span class='ocrx_word' id='word_1_125' title='bbox 842 1496 875 1529; x_wconf 87' lang='lat' dir='ltr'><strong>ac</strong></span> <span class='ocrx_word' id='word_1_126' title='bbox 904 1479 1074 1530; x_wconf 90' lang='lat' dir='ltr'><strong>multitudine</strong></span> <span class='ocrx_word' id='word_1_127' title='bbox 1100 1482 1274 1546; x_wconf 85' lang='lat' dir='ltr'><strong>captivorum.</strong></span> 
     </span>
    </p>
   </div>
   <div class='ocr_carea' id='block_1_3' title="bbox 146 1544 1276 1780">
    <p class='ocr_par' dir='ltr' id='par_1_3' title="bbox 146 1544 1276 1780">
     <span class='ocr_line' id='line_1_15' title="bbox 146 1544 1275 1630; baseline 0 -20"><span class='ocrx_word' id='word_1_128' title='bbox 146 1560 287 1611; x_wconf 89' lang='lat' dir='ltr'><strong>Deinde</strong></span> <span class='ocrx_word' id='word_1_129' title='bbox 301 1561 341 1610; x_wconf 89' lang='lat' dir='ltr'><strong>ad</strong></span> <span class='ocrx_word' id='word_1_130' title='bbox 351 1561 563 1610; x_wconf 78' lang='lat' dir='ltr'><strong>monteml&#39;abor</strong></span> <span class='ocrx_word' id='word_1_131' title='bbox 573 1575 660 1625; x_wconf 87' lang='lat' dir='ltr'><strong>perv</strong></span> <span class='ocrx_word' id='word_1_132' title='bbox 669 1565 822 1610; x_wconf 86' lang='lat' dir='ltr'><strong>enerunt</strong></span> <span class='ocrx_word' id='word_1_133' title='bbox 830 1595 838 1630; x_wconf 88' lang='lat'><strong>,</strong></span> <span class='ocrx_word' id='word_1_134' title='bbox 851 1544 925 1609; x_wconf 82' lang='lat' dir='ltr'><strong>ubll</strong></span> <span class='ocrx_word' id='word_1_135' title='bbox 940 1545 1121 1612; x_wconf 72' lang='lat' dir='ltr'><strong>Coradinus</strong></span> <span class='ocrx_word' id='word_1_136' title='bbox 1133 1557 1275 1611; x_wconf 81' lang='lat' dir='ltr'><strong>castrum</strong></span> 
     </span>
     <span class='ocr_line' id='line_1_16' title="bbox 147 1629 1276 1717; baseline -0.004 -20"><span class='ocrx_word' id='word_1_137' title='bbox 147 1633 358 1696; x_wconf 85' lang='lat' dir='ltr'><strong>fortissimum</strong></span> <span class='ocrx_word' id='word_1_138' title='bbox 374 1653 448 1694; x_wconf 89' lang='lat' dir='ltr'><strong>cum</strong></span> <span class='ocrx_word' id='word_1_139' title='bbox 465 1631 668 1717; x_wconf 77' lang='lat' dir='ltr'><strong>septuaginta</strong></span> <span class='ocrx_word' id='word_1_140' title='bbox 680 1640 808 1715; x_wconf 86' lang='lat' dir='ltr'><strong>septem</strong></span> <span class='ocrx_word' id='word_1_141' title='bbox 829 1629 972 1694; x_wconf 86' lang='lat' dir='ltr'><strong>turribus</strong></span> <span class='ocrx_word' id='word_1_142' title='bbox 994 1639 1228 1713; x_wconf 83' lang='lat' dir='ltr'><strong>construxerat,</strong></span> <span class='ocrx_word' id='word_1_143' title='bbox 1244 1639 1276 1695; x_wconf 89' lang='lat' dir='ltr'><strong>et</strong></span> 
     </span>
     <span class='ocr_line' id='line_1_17' title="bbox 150 1712 1275 1780; baseline -0.002 0"><span class='ocrx_word' id='word_1_144' title='bbox 150 1716 214 1780; x_wconf 90' lang='lat' dir='ltr'><strong>duo</strong></span> <span class='ocrx_word' id='word_1_145' title='bbox 226 1715 314 1778; x_wconf 89' lang='lat' dir='ltr'><strong>milia</strong></span> <span class='ocrx_word' id='word_1_146' title='bbox 323 1715 555 1779; x_wconf 87' lang='lat' dir='ltr'><strong>conductorum</strong></span> <span class='ocrx_word' id='word_1_147' title='bbox 562 1713 717 1777; x_wconf 79' lang='lat' dir='ltr'><strong>militum‘1</strong></span> <span class='ocrx_word' id='word_1_148' title='bbox 725 1714 766 1777; x_wconf 86' lang='lat' dir='ltr'><strong>ad</strong></span> <span class='ocrx_word' id='word_1_149' title='bbox 777 1713 993 1779; x_wconf 89' lang='lat' dir='ltr'><strong>resistendum</strong></span> <span class='ocrx_word' id='word_1_150' title='bbox 1002 1712 1182 1780; x_wconf 88' lang='lat' dir='ltr'><strong>christianis</strong></span> <span class='ocrx_word' id='word_1_151' title='bbox 1190 1713 1275 1778; x_wconf 77' lang='lat' dir='ltr'><strong>loca</strong></span> 
     </span>
    </p>
   </div>
   <div class='ocr_carea' id='block_1_4' title="bbox 147 1809 1275 1876">
    <p class='ocr_par' dir='ltr' id='par_1_4' title="bbox 147 1809 1275 1876">
     <span class='ocr_line' id='line_1_18' title="bbox 147 1809 1275 1876; baseline -0.004 -12"><span class='ocrx_word' id='word_1_152' title='bbox 147 1809 246 1864; x_wconf 79' lang='lat' dir='ltr'><strong>verat.</strong></span> <span class='ocrx_word' id='word_1_153' title='bbox 282 1813 336 1862; x_wconf 93' lang='lat' dir='ltr'><strong>Ubi</strong></span> <span class='ocrx_word' id='word_1_154' title='bbox 353 1813 437 1876; x_wconf 92' lang='lat' dir='ltr'><strong>primo</strong></span> <span class='ocrx_word' id='word_1_155' title='bbox 457 1827 584 1876; x_wconf 88' lang='lat' dir='ltr'><strong>aquarum</strong></span> <span class='ocrx_word' id='word_1_156' title='bbox 603 1813 730 1876; x_wconf 87' lang='lat' dir='ltr'><strong>inopiam,</strong></span> <span class='ocrx_word' id='word_1_157' title='bbox 749 1811 918 1876; x_wconf 89' lang='lat' dir='ltr'><strong>postmodum</strong></span> <span class='ocrx_word' id='word_1_158' title='bbox 929 1827 978 1875; x_wconf 88' lang='lat' dir='ltr'><strong>per</strong></span> <span class='ocrx_word' id='word_1_159' title='bbox 988 1811 1120 1860; x_wconf 88' lang='lat' dir='ltr'><strong>modicam</strong></span> <span class='ocrx_word' id='word_1_160' title='bbox 1130 1811 1275 1861; x_wconf 82' lang='lat' dir='ltr'><strong>fossionem</strong></span> 
     </span>
    </p>
   </div>
   <div class='ocr_carea' id='block_1_5' title="bbox 74 1889 1388 3200">
    <p class='ocr_par' dir='ltr' id='par_1_5' title="bbox 146 1889 1368 2176">
     <span class='ocr_line' id='line_1_19' title="bbox 146 1889 1274 1956; baseline -0.003 -16"><span class='ocrx_word' id='word_1_161' title='bbox 146 1892 322 1952; x_wconf 87' lang='lat' dir='ltr'><strong>invenientes,</strong></span> <span class='ocrx_word' id='word_1_162' title='bbox 335 1892 438 1956; x_wconf 87' lang='lat' dir='ltr'><strong>copiam</strong></span> <span class='ocrx_word' id='word_1_163' title='bbox 447 1889 539 1956; x_wconf 85' lang='lat' dir='ltr'><strong>pabuli</strong></span> <span class='ocrx_word' id='word_1_164' title='bbox 549 1895 576 1939; x_wconf 90' lang='lat' dir='ltr'><strong>et</strong></span> <span class='ocrx_word' id='word_1_165' title='bbox 585 1889 742 1940; x_wconf 86' lang='lat' dir='ltr'><strong>victualium</strong></span> <span class='ocrx_word' id='word_1_166' title='bbox 748 1889 960 1939; x_wconf 83' lang='lat' dir='ltr'><strong>habundantiam</strong></span> <span class='ocrx_word' id='word_1_167' title='bbox 972 1889 1135 1952; x_wconf 87' lang='lat' dir='ltr'><strong>habuerunt;</strong></span> <span class='ocrx_word' id='word_1_168' title='bbox 1149 1889 1274 1940; x_wconf 86' lang='lat' dir='ltr'><strong>Sarrace-</strong></span> 
     </span>
     <span class='ocr_line' id='line_1_20' title="bbox 146 1962 1275 2030; baseline -0.001 -16"><span class='ocrx_word' id='word_1_169' title='bbox 146 1981 210 2014; x_wconf 92' lang='lat' dir='ltr'><strong>num</strong></span> <span class='ocrx_word' id='word_1_170' title='bbox 224 1979 330 2030; x_wconf 89' lang='lat' dir='ltr'><strong>quoque</strong></span> <span class='ocrx_word' id='word_1_171' title='bbox 347 1963 513 2029; x_wconf 89' lang='lat' dir='ltr'><strong>impuberem</strong></span> <span class='ocrx_word' id='word_1_172' title='bbox 533 1963 568 2012; x_wconf 87' lang='lat' dir='ltr'><strong>ad</strong></span> <span class='ocrx_word' id='word_1_173' title='bbox 585 1979 631 2012; x_wconf 92' lang='lat' dir='ltr'><strong>eos</strong></span> <span class='ocrx_word' id='word_1_174' title='bbox 650 1963 858 2013; x_wconf 88' lang='lat' dir='ltr'><strong>descendentem</strong></span> <span class='ocrx_word' id='word_1_175' title='bbox 877 1963 1054 2028; x_wconf 84' lang='lat' dir='ltr'><strong>baptizarunt.</strong></span> <span class='ocrx_word' id='word_1_176' title='bbox 1088 1962 1171 2012; x_wconf 87' lang='lat' dir='ltr'><strong>Porro</strong></span> <span class='ocrx_word' id='word_1_177' title='bbox 1189 1965 1275 2029; x_wconf 87' lang='lat' dir='ltr'><strong>prima</strong></span> 
     </span>
     <span class='ocr_line' id='line_1_21' title="bbox 148 2035 1368 2103; baseline -0.005 -15"><span class='ocrx_word' id='word_1_178' title='bbox 148 2037 283 2088; x_wconf 87' lang='lat' dir='ltr'><strong>dominica</strong></span> <span class='ocrx_word' id='word_1_179' title='bbox 303 2037 435 2087; x_wconf 84' lang='lat' dir='ltr'><strong>adventus</strong></span> <span class='ocrx_word' id='word_1_180' title='bbox 454 2037 565 2086; x_wconf 89' lang='lat' dir='ltr'><strong>Domini</strong></span> <span class='ocrx_word' id='word_1_181' title='bbox 585 2036 740 2103; x_wconf 87' lang='lat' dir='ltr'><strong>patriarcha</strong></span> <span class='ocrx_word' id='word_1_182' title='bbox 754 2051 814 2086; x_wconf 90' lang='lat' dir='ltr'><strong>cum</strong></span> <span class='ocrx_word' id='word_1_183' title='bbox 830 2035 930 2085; x_wconf 86' lang='lat' dir='ltr'><strong>vexillo</strong></span> <span class='ocrx_word' id='word_1_184' title='bbox 948 2037 1034 2086; x_wconf 89' lang='lat' dir='ltr'><strong>crucis</strong></span> <span class='ocrx_word' id='word_1_185' title='bbox 1054 2043 1170 2086; x_wconf 86' lang='lat' dir='ltr'><strong>montem</strong></span> <span class='ocrx_word' id='word_1_186' title='bbox 1192 2051 1273 2086; x_wconf 88' lang='lat' dir='ltr'><strong>con·</strong></span> <span class='ocrx_word' id='word_1_187' title='bbox 1285 2041 1368 2083; x_wconf 62' lang='lat' dir='ltr'><strong>Doce.</strong></span> 
     </span>
     <span class='ocr_line' id='line_1_22' title="bbox 147 2108 1274 2176; baseline -0.003 -14"><span class='ocrx_word' id='word_1_188' title='bbox 147 2127 159 2163; x_wconf 93' lang='lat' dir='ltr'><strong>s</strong></span> <span class='ocrx_word' id='word_1_189' title='bbox 170 2127 184 2160; x_wconf 94' lang='lat' dir='ltr'><strong>c</strong></span> <span class='ocrx_word' id='word_1_190' title='bbox 195 2127 234 2161; x_wconf 91' lang='lat' dir='ltr'><strong>en</strong></span> <span class='ocrx_word' id='word_1_191' title='bbox 243 2111 305 2172; x_wconf 90' lang='lat' dir='ltr'><strong>dit,</strong></span> <span class='ocrx_word' id='word_1_192' title='bbox 320 2111 453 2176; x_wconf 91' lang='lat' dir='ltr'><strong>episcopis</strong></span> <span class='ocrx_word' id='word_1_193' title='bbox 464 2117 490 2160; x_wconf 86' lang='lat' dir='ltr'><strong>et</strong></span> <span class='ocrx_word' id='word_1_194' title='bbox 502 2110 573 2159; x_wconf 91' lang='lat' dir='ltr'><strong>clero</strong></span> <span class='ocrx_word' id='word_1_195' title='bbox 584 2109 762 2176; x_wconf 89' lang='lat' dir='ltr'><strong>psallentibus</strong></span> <span class='ocrx_word' id='word_1_196' title='bbox 773 2114 801 2158; x_wconf 91' lang='lat' dir='ltr'><strong>et</strong></span> <span class='ocrx_word' id='word_1_197' title='bbox 812 2109 962 2171; x_wconf 84' lang='lat' dir='ltr'><strong>orantibns3</strong></span> <span class='ocrx_word' id='word_1_198' title='bbox 975 2123 1068 2158; x_wconf 88' lang='lat' dir='ltr'><strong>verum</strong></span> <span class='ocrx_word' id='word_1_199' title='bbox 1078 2108 1144 2159; x_wconf 90' lang='lat' dir='ltr'><strong>licet</strong></span> <span class='ocrx_word' id='word_1_200' title='bbox 1154 2125 1229 2159; x_wconf 91' lang='lat' dir='ltr'><strong>mons</strong></span> <span class='ocrx_word' id='word_1_201' title='bbox 1239 2109 1274 2159; x_wconf 88' lang='lat' dir='ltr'><strong>ab</strong></span> 
     </span>
    </p>

    <p class='ocr_par' dir='ltr' id='par_1_6' title="bbox 74 2181 1388 3200">
     <span class='ocr_line' id='line_1_23' title="bbox 74 2181 1273 2250; baseline 0.002 -20"><span class='ocrx_word' id='word_1_202' title='bbox 74 2223 77 2230; x_wconf 94' lang='lat'>.</span> <span class='ocrx_word' id='word_1_203' title='bbox 148 2186 219 2234; x_wconf 92' lang='lat' dir='ltr'><strong>omni</strong></span> <span class='ocrx_word' id='word_1_204' title='bbox 235 2189 309 2249; x_wconf 90' lang='lat' dir='ltr'><strong>parte</strong></span> <span class='ocrx_word' id='word_1_205' title='bbox 323 2189 464 2250; x_wconf 89' lang='lat' dir='ltr'><strong>preruptus</strong></span> <span class='ocrx_word' id='word_1_206' title='bbox 478 2185 513 2234; x_wconf 90' lang='lat' dir='ltr'><strong>sit</strong></span> <span class='ocrx_word' id='word_1_207' title='bbox 526 2189 553 2233; x_wconf 92' lang='lat' dir='ltr'><strong>et</strong></span> <span class='ocrx_word' id='word_1_208' title='bbox 567 2183 689 2233; x_wconf 86' lang='lat' dir='ltr'><strong>excelsus</strong></span> <span class='ocrx_word' id='word_1_209' title='bbox 702 2181 782 2232; x_wconf 88' lang='lat' dir='ltr'><strong>valde</strong></span> <span class='ocrx_word' id='word_1_210' title='bbox 797 2189 824 2232; x_wconf 90' lang='lat' dir='ltr'><strong>et</strong></span> <span class='ocrx_word' id='word_1_211' title='bbox 836 2181 1008 2247; x_wconf 89' lang='lat' dir='ltr'><strong>impossibilis</strong></span> <span class='ocrx_word' id='word_1_212' title='bbox 1021 2181 1057 2231; x_wconf 88' lang='lat' dir='ltr'><strong>ad</strong></span> <span class='ocrx_word' id='word_1_213' title='bbox 1073 2181 1273 2233; x_wconf 89' lang='lat' dir='ltr'><strong>ascendendum</strong></span> 
     </span>
     <span class='ocr_line' id='line_1_24' title="bbox 147 2255 1271 2320; baseline -0.002 -14"><span class='ocrx_word' id='word_1_214' title='bbox 147 2262 223 2307; x_wconf 83' lang='lat' dir='ltr'><strong>extra</strong></span> <span class='ocrx_word' id='word_1_215' title='bbox 241 2257 363 2307; x_wconf 87' lang='lat' dir='ltr'><strong>semitam</strong></span> <span class='ocrx_word' id='word_1_216' title='bbox 382 2259 481 2320; x_wconf 88' lang='lat' dir='ltr'><strong>tritam,</strong></span> <span class='ocrx_word' id='word_1_217' title='bbox 501 2255 599 2307; x_wconf 88' lang='lat' dir='ltr'><strong>milites</strong></span> <span class='ocrx_word' id='word_1_218' title='bbox 618 2263 717 2318; x_wconf 86' lang='lat' dir='ltr'><strong>tamen,</strong></span> <span class='ocrx_word' id='word_1_219' title='bbox 737 2255 877 2316; x_wconf 88' lang='lat' dir='ltr'><strong>satellites,</strong></span> <span class='ocrx_word' id='word_1_220' title='bbox 897 2256 1001 2320; x_wconf 90' lang='lat' dir='ltr'><strong>equites</strong></span> <span class='ocrx_word' id='word_1_221' title='bbox 1022 2261 1048 2305; x_wconf 93' lang='lat' dir='ltr'><strong>et</strong></span> <span class='ocrx_word' id='word_1_222' title='bbox 1067 2255 1182 2320; x_wconf 89' lang='lat' dir='ltr'><strong>pedites,</strong></span> <span class='ocrx_word' id='word_1_223' title='bbox 1206 2257 1271 2305; x_wconf 87' lang='lat' dir='ltr'><strong>viri·</strong></span> 
     </span>
     <span class='ocr_line' id='line_1_25' title="bbox 147 2327 1272 2396; baseline 0 -17"><span class='ocrx_word' id='word_1_224' title='bbox 147 2331 209 2380; x_wconf 90' lang='lat' dir='ltr'><strong>liter</strong></span> <span class='ocrx_word' id='word_1_225' title='bbox 228 2332 407 2381; x_wconf 88' lang='lat' dir='ltr'><strong>ascendentes</strong></span> <span class='ocrx_word' id='word_1_226' title='bbox 416 2337 436 2391; x_wconf 74' lang='grc' dir='ltr'><strong>θ,</strong></span> <span class='ocrx_word' id='word_1_227' title='bbox 456 2331 542 2396; x_wconf 92' lang='lat' dir='ltr'><strong>primo</strong></span> <span class='ocrx_word' id='word_1_228' title='bbox 561 2332 654 2395; x_wconf 86' lang='lat' dir='ltr'><strong>inpetu</strong></span> <span class='ocrx_word' id='word_1_229' title='bbox 673 2334 825 2380; x_wconf 85' lang='lat' dir='ltr'><strong>straverunt</strong></span> <span class='ocrx_word' id='word_1_230' title='bbox 844 2329 1020 2379; x_wconf 87' lang='lat' dir='ltr'><strong>castellanum</strong></span> <span class='ocrx_word' id='word_1_231' title='bbox 1041 2335 1068 2378; x_wconf 92' lang='lat' dir='ltr'><strong>et</strong></span> <span class='ocrx_word' id='word_1_232' title='bbox 1093 2327 1272 2380; x_wconf 88' lang='lat' dir='ltr'><strong>admiraldum</strong></span> 
     </span>
     <span class='ocr_line' id='line_1_26' title="bbox 147 2402 1272 2468; baseline -0.003 -13"><span class='ocrx_word' id='word_1_233' title='bbox 147 2420 247 2455; x_wconf 89' lang='lat' dir='ltr'><strong>unum</strong></span> <span class='ocrx_word' id='word_1_234' title='bbox 268 2419 327 2454; x_wconf 88' lang='lat' dir='ltr'><strong>curn</strong></span> <span class='ocrx_word' id='word_1_235' title='bbox 348 2402 409 2454; x_wconf 89' lang='lat' dir='ltr'><strong>aliis</strong></span> <span class='ocrx_word' id='word_1_236' title='bbox 429 2403 659 2466; x_wconf 85' lang='lat' dir='ltr'><strong>interfectis,</strong></span> <span class='ocrx_word' id='word_1_237' title='bbox 678 2403 725 2468; x_wconf 87' lang='lat' dir='ltr'><strong>qui</strong></span> <span class='ocrx_word' id='word_1_238' title='bbox 750 2408 841 2468; x_wconf 90' lang='lat' dir='ltr'><strong>portas</strong></span> <span class='ocrx_word' id='word_1_239' title='bbox 871 2403 952 2453; x_wconf 87' lang='lat' dir='ltr'><strong>castri</strong></span> <span class='ocrx_word' id='word_1_240' title='bbox 981 2404 1083 2467; x_wconf 81' lang='lat' dir='ltr'><strong>egressi</strong></span> <span class='ocrx_word' id='word_1_241' title='bbox 1105 2403 1212 2452; x_wconf 85' lang='lat' dir='ltr'><strong>fuerant</strong></span> <span class='ocrx_word' id='word_1_242' title='bbox 1237 2402 1272 2452; x_wconf 90' lang='lat' dir='ltr'><strong>ad</strong></span> 
     </span>
     <span class='ocr_line' id='line_1_27' title="bbox 148 2476 1273 2542; baseline -0.001 -16"><span class='ocrx_word' id='word_1_243' title='bbox 148 2477 332 2527; x_wconf 82' lang='lat' dir='ltr'><strong>defensionem</strong></span> <span class='ocrx_word' id='word_1_244' title='bbox 352 2479 457 2527; x_wconf 87' lang='lat' dir='ltr'><strong>montis.</strong></span> <span class='ocrx_word' id='word_1_245' title='bbox 497 2477 601 2530; x_wconf 86' lang='lat' dir='ltr'><strong>Ceteris</strong></span> <span class='ocrx_word' id='word_1_246' title='bbox 620 2482 710 2526; x_wconf 88' lang='lat' dir='ltr'><strong>autem</strong></span> <span class='ocrx_word' id='word_1_247' title='bbox 729 2477 757 2525; x_wconf 92' lang='lat' dir='ltr'><strong>in</strong></span> <span class='ocrx_word' id='word_1_248' title='bbox 776 2482 912 2542; x_wconf 91' lang='lat' dir='ltr'><strong>stuporem</strong></span> <span class='ocrx_word' id='word_1_249' title='bbox 932 2476 1017 2525; x_wconf 89' lang='lat' dir='ltr'><strong>versis</strong></span> <span class='ocrx_word' id='word_1_250' title='bbox 1043 2481 1069 2526; x_wconf 92' lang='lat' dir='ltr'><strong>et</strong></span> <span class='ocrx_word' id='word_1_251' title='bbox 1093 2477 1163 2525; x_wconf 89' lang='lat' dir='ltr'><strong>intra</strong></span> <span class='ocrx_word' id='word_1_252' title='bbox 1183 2477 1273 2525; x_wconf 89' lang='lat' dir='ltr'><strong>menia</strong></span> 
     </span>
     <span class='ocr_line' id='line_1_28' title="bbox 146 2549 1274 2616; baseline -0.002 -16"><span class='ocrx_word' id='word_1_253' title='bbox 146 2551 272 2616; x_wconf 87' lang='lat' dir='ltr'><strong>receptis,</strong></span> <span class='ocrx_word' id='word_1_254' title='bbox 293 2565 345 2614; x_wconf 87' lang='lat' dir='ltr'><strong>quo</strong></span> <span class='ocrx_word' id='word_1_255' title='bbox 365 2551 501 2600; x_wconf 89' lang='lat' dir='ltr'><strong>hominum</strong></span> <span class='ocrx_word' id='word_1_256' title='bbox 521 2550 633 2601; x_wconf 89' lang='lat' dir='ltr'><strong>consilio</strong></span> <span class='ocrx_word' id='word_1_257' title='bbox 653 2549 696 2599; x_wconf 92' lang='lat' dir='ltr'><strong>vel</strong></span> <span class='ocrx_word' id='word_1_258' title='bbox 717 2550 771 2599; x_wconf 90' lang='lat' dir='ltr'><strong>Dei</strong></span> <span class='ocrx_word' id='word_1_259' title='bbox 788 2551 891 2600; x_wconf 87' lang='lat' dir='ltr'><strong>iudicio</strong></span> <span class='ocrx_word' id='word_1_260' title='bbox 910 2549 944 2598; x_wconf 90' lang='lat' dir='ltr'><strong>ab</strong></span> <span class='ocrx_word' id='word_1_261' title='bbox 963 2550 1166 2615; x_wconf 83' lang='lat' dir='ltr'><strong>impugnatione</strong></span> <span class='ocrx_word' id='word_1_262' title='bbox 1191 2550 1274 2599; x_wconf 88' lang='lat' dir='ltr'><strong>castri</strong></span> 
     </span>
     <span class='ocr_line' id='line_1_29' title="bbox 147 2623 1273 2688; baseline -0.003 -15"><span class='ocrx_word' id='word_1_263' title='bbox 147 2625 343 2673; x_wconf 91' lang='lat' dir='ltr'><strong>recesserint</strong></span> <span class='ocrx_word' id='word_1_264' title='bbox 362 2629 389 2672; x_wconf 89' lang='lat' dir='ltr'><strong>et</strong></span> <span class='ocrx_word' id='word_1_265' title='bbox 406 2623 514 2687; x_wconf 86' lang='lat' dir='ltr'><strong>inglorii</strong></span> <span class='ocrx_word' id='word_1_266' title='bbox 533 2623 730 2686; x_wconf 86' lang='lat' dir='ltr'><strong>descenderint,</strong></span> <span class='ocrx_word' id='word_1_267' title='bbox 743 2625 890 2688; x_wconf 87' lang='lat' dir='ltr'><strong>ignoratur.</strong></span> <span class='ocrx_word' id='word_1_268' title='bbox 924 2623 958 2672; x_wconf 94' lang='lat' dir='ltr'><strong>Iu</strong></span> <span class='ocrx_word' id='word_1_269' title='bbox 976 2623 1060 2672; x_wconf 92' lang='lat' dir='ltr'><strong>tercio</strong></span> <span class='ocrx_word' id='word_1_270' title='bbox 1081 2623 1211 2687; x_wconf 90' lang='lat' dir='ltr'><strong>equitatu,</strong></span> <span class='ocrx_word' id='word_1_271' title='bbox 1229 2624 1273 2671; x_wconf 91' lang='lat' dir='ltr'><strong>cui</strong></span> 
     </span>
     <span class='ocr_line' id='line_1_30' title="bbox 148 2695 1272 2762; baseline 0.002 -18"><span class='ocrx_word' id='word_1_272' title='bbox 148 2695 304 2761; x_wconf 90' lang='lat' dir='ltr'><strong>patriarcha</strong></span> <span class='ocrx_word' id='word_1_273' title='bbox 324 2711 384 2745; x_wconf 91' lang='lat' dir='ltr'><strong>cum</strong></span> <span class='ocrx_word' id='word_1_274' title='bbox 403 2695 477 2760; x_wconf 90' lang='lat' dir='ltr'><strong>ligno</strong></span> <span class='ocrx_word' id='word_1_275' title='bbox 499 2698 586 2746; x_wconf 88' lang='lat' dir='ltr'><strong>crucis</strong></span> <span class='ocrx_word' id='word_1_276' title='bbox 600 2704 627 2748; x_wconf 94' lang='lat' dir='ltr'><strong>et</strong></span> <span class='ocrx_word' id='word_1_277' title='bbox 651 2698 722 2747; x_wconf 89' lang='lat' dir='ltr'><strong>sacri</strong></span> <span class='ocrx_word' id='word_1_278' title='bbox 749 2697 870 2762; x_wconf 90' lang='lat' dir='ltr'><strong>episcopi</strong></span> <span class='ocrx_word' id='word_1_279' title='bbox 894 2711 948 2746; x_wconf 91' lang='lat' dir='ltr'><strong>non</strong></span> <span class='ocrx_word' id='word_1_280' title='bbox 976 2695 1162 2758; x_wconf 82' lang='lat' dir='ltr'><strong>interfuerunt,</strong></span> <span class='ocrx_word' id='word_1_281' title='bbox 1188 2695 1272 2746; x_wconf 88' lang='lat' dir='ltr'><strong>multa</strong></span> 
     </span>
     <span class='ocr_line' id='line_1_31' title="bbox 149 2769 1272 2836; baseline -0.002 -16"><span class='ocrx_word' id='word_1_282' title='bbox 149 2770 266 2833; x_wconf 89' lang='lat' dir='ltr'><strong>dampna</strong></span> <span class='ocrx_word' id='word_1_283' title='bbox 286 2773 312 2818; x_wconf 93' lang='lat' dir='ltr'><strong>et</strong></span> <span class='ocrx_word' id='word_1_284' title='bbox 330 2769 502 2818; x_wconf 90' lang='lat' dir='ltr'><strong>incommoda</strong></span> <span class='ocrx_word' id='word_1_285' title='bbox 521 2776 575 2819; x_wconf 86' lang='lat' dir='ltr'><strong>tam</strong></span> <span class='ocrx_word' id='word_1_286' title='bbox 604 2786 652 2836; x_wconf 90' lang='lat' dir='ltr'><strong>per</strong></span> <span class='ocrx_word' id='word_1_287' title='bbox 677 2769 843 2820; x_wconf 87' lang='lat' dir='ltr'><strong>latrunculos</strong></span> <span class='ocrx_word' id='word_1_288' title='bbox 868 2785 947 2834; x_wconf 88' lang='lat' dir='ltr'><strong>quam</strong></span> <span class='ocrx_word' id='word_1_289' title='bbox 968 2769 1072 2834; x_wconf 82' lang='lat' dir='ltr'><strong>hyemis</strong></span> <span class='ocrx_word' id='word_1_290' title='bbox 1098 2769 1272 2834; x_wconf 84' lang='lat' dir='ltr'><strong>asperitatem</strong></span> 
     </span>
     <span class='ocr_line' id='line_1_32' title="bbox 147 2836 1388 2908; baseline 0.005 -18"><span class='ocrx_word' id='word_1_291' title='bbox 147 2843 269 2908; x_wconf 87' lang='lat' dir='ltr'><strong>perpessi</strong></span> <span class='ocrx_word' id='word_1_292' title='bbox 282 2847 352 2902; x_wconf 91' lang='lat' dir='ltr'><strong>sunt,</strong></span> <span class='ocrx_word' id='word_1_293' title='bbox 364 2847 391 2891; x_wconf 90' lang='lat' dir='ltr'><strong>et</strong></span> <span class='ocrx_word' id='word_1_294' title='bbox 403 2836 561 2907; x_wconf 76' lang='lat' dir='ltr'><strong>presertimf</strong></span> <span class='ocrx_word' id='word_1_295' title='bbox 574 2845 601 2891; x_wconf 90' lang='lat' dir='ltr'><strong>in</strong></span> <span class='ocrx_word' id='word_1_296' title='bbox 614 2843 709 2907; x_wconf 91' lang='lat' dir='ltr'><strong>vigilia</strong></span> <span class='ocrx_word' id='word_1_297' title='bbox 722 2844 870 2894; x_wconf 86' lang='lat' dir='ltr'><strong>nativitatis</strong></span> <span class='ocrx_word' id='word_1_298' title='bbox 880 2843 991 2893; x_wconf 87' lang='lat' dir='ltr'><strong>Domini</strong></span> <span class='ocrx_word' id='word_1_299' title='bbox 1006 2847 1032 2892; x_wconf 90' lang='lat' dir='ltr'><strong>et</strong></span> <span class='ocrx_word' id='word_1_300' title='bbox 1044 2848 1124 2893; x_wconf 91' lang='lat' dir='ltr'><strong>nocte</strong></span> <span class='ocrx_word' id='word_1_301' title='bbox 1134 2843 1272 2908; x_wconf 79' lang='lat' dir='ltr'><strong>sequenti3</strong></span> <span class='ocrx_word' id='word_1_302' title='bbox 1284 2856 1334 2897; x_wconf 74' lang='lat' dir='ltr'><strong>Dae.</strong></span> <span class='ocrx_word' id='word_1_303' title='bbox 1353 2857 1388 2897; x_wconf 77' lang='lat'><strong>24.</strong></span> 
     </span>
     <span class='ocr_line' id='line_1_33' title="bbox 148 2914 1274 2981; baseline 0.001 -16"><span class='ocrx_word' id='word_1_304' title='bbox 148 2931 219 2980; x_wconf 89' lang='lat' dir='ltr'><strong>quae</strong></span> <span class='ocrx_word' id='word_1_305' title='bbox 239 2914 292 2964; x_wconf 90' lang='lat' dir='ltr'><strong>nisi</strong></span> <span class='ocrx_word' id='word_1_306' title='bbox 311 2914 470 2966; x_wconf 83' lang='lat' dir='ltr'><strong>adbreviata</strong></span> <span class='ocrx_word' id='word_1_307' title='bbox 489 2914 591 2979; x_wconf 87' lang='lat' dir='ltr'><strong>suisset,</strong></span> <span class='ocrx_word' id='word_1_308' title='bbox 612 2921 720 2981; x_wconf 87' lang='lat' dir='ltr'><strong>propter</strong></span> <span class='ocrx_word' id='word_1_309' title='bbox 731 2916 849 2981; x_wconf 90' lang='lat' dir='ltr'><strong>inopiam</strong></span> <span class='ocrx_word' id='word_1_310' title='bbox 863 2917 996 2980; x_wconf 88' lang='lat' dir='ltr'><strong>lignorum</strong></span> <span class='ocrx_word' id='word_1_311' title='bbox 1014 2921 1041 2965; x_wconf 93' lang='lat' dir='ltr'><strong>et</strong></span> <span class='ocrx_word' id='word_1_312' title='bbox 1053 2917 1274 2967; x_wconf 88' lang='lat' dir='ltr'><strong>vestimentorum</strong></span> 
     </span>
     <span class='ocr_line' id='line_1_34' title="bbox 146 2988 1272 3055; baseline 0.002 -17"><span class='ocrx_word' id='word_1_313' title='bbox 146 2989 285 3054; x_wconf 89' lang='lat' dir='ltr'><strong>penuriam</strong></span> <span class='ocrx_word' id='word_1_314' title='bbox 301 3003 400 3052; x_wconf 88' lang='lat' dir='ltr'><strong>magua</strong></span> <span class='ocrx_word' id='word_1_315' title='bbox 412 3003 474 3052; x_wconf 88' lang='lat' dir='ltr'><strong>pars</strong></span> <span class='ocrx_word' id='word_1_316' title='bbox 489 2990 621 3038; x_wconf 85' lang='lat' dir='ltr'><strong>exercitas</strong></span> <span class='ocrx_word' id='word_1_317' title='bbox 640 2989 793 3052; x_wconf 89' lang='lat' dir='ltr'><strong>perisset</strong></span> <span class='ocrx_word' id='word_1_318' title='bbox 810 2990 839 3037; x_wconf 92' lang='lat' dir='ltr'><strong>in</strong></span> <span class='ocrx_word' id='word_1_319' title='bbox 852 2988 948 3039; x_wconf 89' lang='lat' dir='ltr'><strong>finibus</strong></span> <span class='ocrx_word' id='word_1_320' title='bbox 957 2989 1023 3052; x_wconf 85' lang='lat' dir='ltr'><strong>Tyri</strong></span> <span class='ocrx_word' id='word_1_321' title='bbox 1036 2990 1110 3040; x_wconf 82' lang='lat' dir='ltr'><strong>iuxta</strong></span> <span class='ocrx_word' id='word_1_322' title='bbox 1121 2989 1272 3055; x_wconf 84' lang='lat' dir='ltr'><strong>Sareptam.</strong></span> 
     </span>
     <span class='ocr_line' id='line_1_35' title="bbox 147 3059 1274 3126; baseline 0.002 -16"><span class='ocrx_word' id='word_1_323' title='bbox 147 3062 213 3112; x_wconf 90' lang='lat' dir='ltr'><strong>Post</strong></span> <span class='ocrx_word' id='word_1_324' title='bbox 237 3061 288 3111; x_wconf 89' lang='lat' dir='ltr'><strong>hec</strong></span> <span class='ocrx_word' id='word_1_325' title='bbox 314 3059 417 3110; x_wconf 87' lang='lat' dir='ltr'><strong>milicia</strong></span> <span class='ocrx_word' id='word_1_326' title='bbox 435 3062 546 3110; x_wconf 90' lang='lat' dir='ltr'><strong>Domini</strong></span> <span class='ocrx_word' id='word_1_327' title='bbox 570 3061 761 3126; x_wconf 60' lang='lat' dir='ltr'><strong>quadrifaria&amp;</strong></span> <span class='ocrx_word' id='word_1_328' title='bbox 780 3061 867 3111; x_wconf 88' lang='lat' dir='ltr'><strong>divisa</strong></span> <span class='ocrx_word' id='word_1_329' title='bbox 886 3068 936 3114; x_wconf 85' lang='lat' dir='ltr'><strong>est.</strong></span> <span class='ocrx_word' id='word_1_330' title='bbox 983 3063 1074 3126; x_wconf 85' lang='lat' dir='ltr'><strong>Reges</strong></span> <span class='ocrx_word' id='word_1_331' title='bbox 1088 3063 1226 3126; x_wconf 86' lang='lat' dir='ltr'><strong>Ungariae</strong></span> <span class='ocrx_word' id='word_1_332' title='bbox 1247 3069 1274 3113; x_wconf 95' lang='lat' dir='ltr'><strong>et</strong></span> 
     </span>
     <span class='ocr_line' id='line_1_36' title="bbox 148 3133 1272 3200; baseline 0.001 -15"><span class='ocrx_word' id='word_1_333' title='bbox 148 3135 222 3200; x_wconf 81' lang='lat' dir='ltr'><strong>cipri</strong></span> <span class='ocrx_word' id='word_1_334' title='bbox 249 3150 309 3184; x_wconf 91' lang='lat' dir='ltr'><strong>cum</strong></span> <span class='ocrx_word' id='word_1_335' title='bbox 336 3148 434 3198; x_wconf 84' lang='lat' dir='ltr'><strong>magna</strong></span> <span class='ocrx_word' id='word_1_336' title='bbox 461 3133 630 3184; x_wconf 88' lang='lat' dir='ltr'><strong>multitudine</strong></span> <span class='ocrx_word' id='word_1_337' title='bbox 650 3136 849 3200; x_wconf 87' lang='lat' dir='ltr'><strong>peregrinorum</strong></span> <span class='ocrx_word' id='word_1_338' title='bbox 870 3141 896 3184; x_wconf 94' lang='lat' dir='ltr'><strong>et</strong></span> <span class='ocrx_word' id='word_1_339' title='bbox 916 3134 1032 3199; x_wconf 90' lang='lat' dir='ltr'><strong>dampno</strong></span> <span class='ocrx_word' id='word_1_340' title='bbox 1052 3141 1141 3186; x_wconf 89' lang='lat' dir='ltr'><strong>terrae</strong></span> <span class='ocrx_word' id='word_1_341' title='bbox 1160 3137 1272 3200; x_wconf 89' lang='lat' dir='ltr'><strong>promis·</strong></span> 
     </span>
    </p>
   </div>
   <div class='ocr_carea' id='block_1_6' title="bbox 147 3197 1272 3299">
    <p class='ocr_par' dir='ltr' id='par_1_7' title="bbox 147 3197 1272 3299">
     <span class='ocr_line' id='line_1_37' title="bbox 147 3197 1272 3299; baseline 0.002 -36"><span class='ocrx_word' id='word_1_342' title='bbox 147 3214 230 3264; x_wconf 90' lang='lat' dir='ltr'><strong>sionis</strong></span> <span class='ocrx_word' id='word_1_343' title='bbox 252 3213 379 3278; x_wconf 86' lang='lat' dir='ltr'><strong>Tripolim</strong></span> <span class='ocrx_word' id='word_1_344' title='bbox 402 3213 515 3278; x_wconf 87' lang='lat' dir='ltr'><strong>profecti</strong></span> <span class='ocrx_word' id='word_1_345' title='bbox 537 3219 607 3277; x_wconf 90' lang='lat' dir='ltr'><strong>sunt,</strong></span> <span class='ocrx_word' id='word_1_346' title='bbox 630 3199 725 3264; x_wconf 65' lang='grc' dir='ltr'><strong>Ῑίῡθὶῑ2</strong></span> <span class='ocrx_word' id='word_1_347' title='bbox 745 3199 846 3264; x_wconf 76' lang='lat' dir='ltr'><strong>multa</strong></span> <span class='ocrx_word' id='word_1_348' title='bbox 861 3197 1055 3299; x_wconf 47' lang='lat' dir='ltr'><strong>supplicabit?</strong></span> <span class='ocrx_word' id='word_1_349' title='bbox 1068 3201 1272 3285; x_wconf 76' lang='lat' dir='ltr'><strong>patriarchae</strong></span> 
     </span>
    </p>
   </div>
   <div class='ocr_carea' id='block_1_7' title="bbox 146 3284 1274 3955">
    <p class='ocr_par' dir='ltr' id='par_1_8' title="bbox 146 3284 1274 3955">
     <span class='ocr_line' id='line_1_38' title="bbox 147 3284 1272 3370; baseline -0.003 -21"><span class='ocrx_word' id='word_1_350' title='bbox 147 3295 181 3350; x_wconf 92' lang='lat' dir='ltr'><strong>et</strong></span> <span class='ocrx_word' id='word_1_351' title='bbox 201 3285 337 3348; x_wconf 89' lang='lat' dir='ltr'><strong>aliorum</strong></span> <span class='ocrx_word' id='word_1_352' title='bbox 358 3284 475 3348; x_wconf 80' lang='lat' dir='ltr'><strong>frustra</strong></span> <span class='ocrx_word' id='word_1_353' title='bbox 496 3286 565 3368; x_wconf 84' lang='lat' dir='ltr'><strong>regi</strong></span> <span class='ocrx_word' id='word_1_354' title='bbox 587 3285 750 3370; x_wconf 86' lang='lat' dir='ltr'><strong>Ungariae</strong></span> <span class='ocrx_word' id='word_1_355' title='bbox 771 3284 857 3348; x_wconf 84' lang='lat' dir='ltr'><strong>facta</strong></span> <span class='ocrx_word' id='word_1_356' title='bbox 878 3292 1078 3369; x_wconf 83' lang='lat' dir='ltr'><strong>praeessent.</strong></span> <span class='ocrx_word' id='word_1_357' title='bbox 1121 3298 1180 3347; x_wconf 82' lang='lat' dir='ltr'><strong>Rex</strong></span> <span class='ocrx_word' id='word_1_358' title='bbox 1199 3297 1272 3360; x_wconf 79' lang='lat' dir='ltr'><strong>cipri</strong></span> 
     </span>
     <span class='ocr_line' id='line_1_39' title="bbox 147 3374 1272 3443; baseline -0.002 -17"><span class='ocrx_word' id='word_1_359' title='bbox 147 3375 367 3427; x_wconf 87' lang='lat' dir='ltr'><strong>adolescentulus</strong></span> <span class='ocrx_word' id='word_1_360' title='bbox 385 3382 447 3443; x_wconf 88' lang='lat' dir='ltr'><strong>pest</strong></span> <span class='ocrx_word' id='word_1_361' title='bbox 466 3375 600 3426; x_wconf 85' lang='lat' dir='ltr'><strong>modicum</strong></span> <span class='ocrx_word' id='word_1_362' title='bbox 616 3382 720 3441; x_wconf 87' lang='lat' dir='ltr'><strong>tempus</strong></span> <span class='ocrx_word' id='word_1_363' title='bbox 739 3377 767 3425; x_wconf 90' lang='lat' dir='ltr'><strong>in</strong></span> <span class='ocrx_word' id='word_1_364' title='bbox 787 3374 889 3440; x_wconf 89' lang='lat' dir='ltr'><strong>Tripoli</strong></span> <span class='ocrx_word' id='word_1_365' title='bbox 908 3379 1026 3424; x_wconf 90' lang='lat' dir='ltr'><strong>mortuus</strong></span> <span class='ocrx_word' id='word_1_366' title='bbox 1047 3382 1095 3424; x_wconf 88' lang='lat' dir='ltr'><strong>est.</strong></span> <span class='ocrx_word' id='word_1_367' title='bbox 1132 3375 1191 3424; x_wconf 88' lang='lat' dir='ltr'><strong>Rex</strong></span> <span class='ocrx_word' id='word_1_368' title='bbox 1210 3375 1272 3425; x_wconf 93' lang='lat' dir='ltr'><strong>Ihe-</strong></span> 
     </span>
     <span class='ocr_line' id='line_1_40' title="bbox 146 3448 1273 3500; baseline 0 -2"><span class='ocrx_word' id='word_1_369' title='bbox 146 3449 346 3500; x_wconf 85' lang='lat' dir='ltr'><strong>rosolimitanus</strong></span> <span class='ocrx_word' id='word_1_370' title='bbox 367 3457 394 3499; x_wconf 91' lang='lat' dir='ltr'><strong>et</strong></span> <span class='ocrx_word' id='word_1_371' title='bbox 413 3450 466 3499; x_wconf 84' lang='lat' dir='ltr'><strong>dux</strong></span> <span class='ocrx_word' id='word_1_372' title='bbox 481 3450 607 3499; x_wconf 80' lang='lat' dir='ltr'><strong>Austriae</strong></span> <span class='ocrx_word' id='word_1_373' title='bbox 627 3464 688 3500; x_wconf 92' lang='lat' dir='ltr'><strong>cum</strong></span> <span class='ocrx_word' id='word_1_374' title='bbox 709 3448 914 3499; x_wconf 89' lang='lat' dir='ltr'><strong>Monasteriensi</strong></span> <span class='ocrx_word' id='word_1_375' title='bbox 934 3454 961 3498; x_wconf 92' lang='lat' dir='ltr'><strong>et</strong></span> <span class='ocrx_word' id='word_1_376' title='bbox 972 3448 1139 3497; x_wconf 86' lang='lat' dir='ltr'><strong>Traiectensi</strong></span> <span class='ocrx_word' id='word_1_377' title='bbox 1157 3453 1273 3498; x_wconf 86' lang='lat' dir='ltr'><strong>castrum</strong></span> 
     </span>
     <span class='ocr_line' id='line_1_41' title="bbox 149 3519 1274 3587; baseline -0.001 -14"><span class='ocrx_word' id='word_1_378' title='bbox 149 3522 308 3573; x_wconf 83' lang='lat' dir='ltr'><strong>Cesariense</strong></span> <span class='ocrx_word' id='word_1_379' title='bbox 322 3523 474 3574; x_wconf 87' lang='lat' dir='ltr'><strong>Palestinae</strong></span> <span class='ocrx_word' id='word_1_380' title='bbox 495 3523 678 3573; x_wconf 87' lang='lat' dir='ltr'><strong>semidirutum</strong></span> <span class='ocrx_word' id='word_1_381' title='bbox 698 3523 774 3572; x_wconf 89' lang='lat' dir='ltr'><strong>brevi</strong></span> <span class='ocrx_word' id='word_1_382' title='bbox 793 3529 950 3587; x_wconf 88' lang='lat' dir='ltr'><strong>tempore</strong></span> <span class='ocrx_word' id='word_1_383' title='bbox 968 3521 1081 3572; x_wconf 90' lang='lat' dir='ltr'><strong>viriliter</strong></span> <span class='ocrx_word' id='word_1_384' title='bbox 1100 3519 1274 3572; x_wconf 87' lang='lat' dir='ltr'><strong>firmaverunt</strong></span> 
     </span>
     <span class='ocr_line' id='line_1_42' title="bbox 149 3595 1271 3662; baseline 0.001 -18"><span class='ocrx_word' id='word_1_385' title='bbox 149 3601 183 3645; x_wconf 95' lang='lat' dir='ltr'><strong>et</strong></span> <span class='ocrx_word' id='word_1_386' title='bbox 201 3596 301 3646; x_wconf 90' lang='lat' dir='ltr'><strong>utilit</strong></span> <span class='ocrx_word' id='word_1_387' title='bbox 312 3612 360 3658; x_wconf 90' lang='lat' dir='ltr'><strong>er;</strong></span> <span class='ocrx_word' id='word_1_388' title='bbox 380 3613 428 3662; x_wconf 91' lang='lat' dir='ltr'><strong>per</strong></span> <span class='ocrx_word' id='word_1_389' title='bbox 441 3596 513 3662; x_wconf 90' lang='lat' dir='ltr'><strong>quod</strong></span> <span class='ocrx_word' id='word_1_390' title='bbox 525 3597 585 3646; x_wconf 91' lang='lat' dir='ltr'><strong>Deo</strong></span> <span class='ocrx_word' id='word_1_391' title='bbox 602 3596 719 3646; x_wconf 91' lang='lat' dir='ltr'><strong>donante</strong></span> <span class='ocrx_word' id='word_1_392' title='bbox 734 3595 829 3645; x_wconf 88' lang='lat' dir='ltr'><strong>eadem</strong></span> <span class='ocrx_word' id='word_1_393' title='bbox 851 3596 947 3645; x_wconf 89' lang='lat' dir='ltr'><strong>civitas</strong></span> <span class='ocrx_word' id='word_1_394' title='bbox 968 3596 1040 3644; x_wconf 90' lang='lat' dir='ltr'><strong>cito</strong></span> <span class='ocrx_word' id='word_1_395' title='bbox 1059 3595 1271 3659; x_wconf 87' lang='lat' dir='ltr'><strong>recuperabitur.</strong></span> 
     </span>
     <span class='ocr_line' id='line_1_43' title="bbox 147 3667 1273 3734; baseline 0.001 -17"><span class='ocrx_word' id='word_1_396' title='bbox 147 3668 293 3734; x_wconf 86' lang='lat' dir='ltr'><strong>Templarii</strong></span> <span class='ocrx_word' id='word_1_397' title='bbox 312 3685 375 3719; x_wconf 90' lang='lat' dir='ltr'><strong>vero</strong></span> <span class='ocrx_word' id='word_1_398' title='bbox 396 3685 456 3719; x_wconf 88' lang='lat' dir='ltr'><strong>eum</strong></span> <span class='ocrx_word' id='word_1_399' title='bbox 481 3671 576 3734; x_wconf 88' lang='lat' dir='ltr'><strong>paucis</strong></span> <span class='ocrx_word' id='word_1_400' title='bbox 600 3669 804 3720; x_wconf 84' lang='lat' dir='ltr'><strong>auxiliatoribus</strong></span> <span class='ocrx_word' id='word_1_401' title='bbox 829 3669 979 3734; x_wconf 85' lang='lat' dir='ltr'><strong>peregrinis</strong></span> <span class='ocrx_word' id='word_1_402' title='bbox 1006 3673 1033 3718; x_wconf 86' lang='lat' dir='ltr'><strong>et</strong></span> <span class='ocrx_word' id='word_1_403' title='bbox 1051 3667 1273 3733; x_wconf 86' lang='lat' dir='ltr'><strong>Hospitalariis</strong></span> 
     </span>
     <span class='ocr_line' id='line_1_44' title="bbox 148 3741 1271 3808; baseline 0 -18"><span class='ocrx_word' id='word_1_404' title='bbox 148 3741 182 3791; x_wconf 94' lang='lat' dir='ltr'><strong>de</strong></span> <span class='ocrx_word' id='word_1_405' title='bbox 203 3742 281 3792; x_wconf 93' lang='lat' dir='ltr'><strong>domo</strong></span> <span class='ocrx_word' id='word_1_406' title='bbox 300 3743 507 3792; x_wconf 83' lang='lat' dir='ltr'><strong>Teutonicorum</strong></span> <span class='ocrx_word' id='word_1_407' title='bbox 529 3749 644 3792; x_wconf 86' lang='lat' dir='ltr'><strong>castrum</strong></span> <span class='ocrx_word' id='word_1_408' title='bbox 669 3741 717 3792; x_wconf 87' lang='lat' dir='ltr'><strong>filii</strong></span> <span class='ocrx_word' id='word_1_409' title='bbox 742 3743 810 3804; x_wconf 89' lang='lat' dir='ltr'><strong>Dei,</strong></span> <span class='ocrx_word' id='word_1_410' title='bbox 832 3741 904 3808; x_wconf 91' lang='lat' dir='ltr'><strong>quod</strong></span> <span class='ocrx_word' id='word_1_411' title='bbox 923 3741 986 3791; x_wconf 89' lang='lat' dir='ltr'><strong>olim</strong></span> <span class='ocrx_word' id='word_1_412' title='bbox 1006 3742 1173 3803; x_wconf 89' lang='lat' dir='ltr'><strong>Distriotum,</strong></span> <span class='ocrx_word' id='word_1_413' title='bbox 1200 3757 1271 3791; x_wconf 90' lang='lat' dir='ltr'><strong>nnnc</strong></span> 
     </span>
     <span class='ocr_line' id='line_1_45' title="bbox 149 3810 1272 3882; baseline 0 -18"><span class='ocrx_word' id='word_1_414' title='bbox 149 3814 496 3880; x_wconf 85' lang='lat' dir='ltr'><strong>Castrum-peregrinorum</strong></span> <span class='ocrx_word' id='word_1_415' title='bbox 532 3810 705 3882; x_wconf 78' lang='lat' dir='ltr'><strong>appellaturh</strong></span> <span class='ocrx_word' id='word_1_416' title='bbox 731 3831 748 3865; x_wconf 89' lang='lat' dir='ltr'><strong>a</strong></span> <span class='ocrx_word' id='word_1_417' title='bbox 768 3815 940 3881; x_wconf 86' lang='lat' dir='ltr'><strong>quibusdam,</strong></span> <span class='ocrx_word' id='word_1_418' title='bbox 971 3812 1098 3864; x_wconf 88' lang='lat' dir='ltr'><strong>edificare</strong></span> <span class='ocrx_word' id='word_1_419' title='bbox 1129 3819 1272 3880; x_wconf 87' lang='lat' dir='ltr'><strong>ceperunt;</strong></span> 
     </span>
     <span class='ocr_line' id='line_1_46' title="bbox 149 3882 1271 3955; baseline 0 -17"><span class='ocrx_word' id='word_1_420' title='bbox 149 3889 222 3954; x_wconf 89' lang='lat' dir='ltr'><strong>quod</strong></span> <span class='ocrx_word' id='word_1_421' title='bbox 240 3890 357 3954; x_wconf 87' lang='lat' dir='ltr'><strong>positum</strong></span> <span class='ocrx_word' id='word_1_422' title='bbox 378 3895 419 3939; x_wconf 89' lang='lat' dir='ltr'><strong>est</strong></span> <span class='ocrx_word' id='word_1_423' title='bbox 434 3890 462 3938; x_wconf 92' lang='lat' dir='ltr'><strong>iu</strong></span> <span class='ocrx_word' id='word_1_424' title='bbox 482 3890 639 3955; x_wconf 88' lang='lat' dir='ltr'><strong>episcopatu</strong></span> <span class='ocrx_word' id='word_1_425' title='bbox 651 3888 804 3940; x_wconf 84' lang='lat' dir='ltr'><strong>Cesariensi</strong></span> <span class='ocrx_word' id='word_1_426' title='bbox 822 3888 1028 3954; x_wconf 81' lang='lat' dir='ltr'><strong>interanphas</strong></span> <span class='ocrx_word' id='word_1_427' title='bbox 1050 3894 1077 3938; x_wconf 89' lang='lat' dir='ltr'><strong>et</strong></span> <span class='ocrx_word' id='word_1_428' title='bbox 1096 3882 1271 3952; x_wconf 68' lang='lat' dir='ltr'><strong>Cesaream53</strong></span> 
     </span>
    </p>
   </div>
   <div class='ocr_carea' id='block_1_8' title="bbox 147 3994 1272 4166">
    <p class='ocr_par' dir='ltr' id='par_1_9' title="bbox 147 3994 1272 4166">
     <span class='ocr_line' id='line_1_47' title="bbox 149 3994 1272 4049; baseline 0.002 -13"><span class='ocrx_word' id='word_1_429' title='bbox 149 3994 173 4048; x_wconf 87' lang='lat' dir='ltr'><strong>a)</strong></span> <span class='ocrx_word' id='word_1_430' title='bbox 190 3997 285 4037; x_wconf 90' lang='lat' dir='ltr'><strong>biduum</strong></span> <span class='ocrx_word' id='word_1_431' title='bbox 304 3997 334 4036; x_wconf 77' lang='lat' dir='ltr'><strong>Oi.</strong></span> <span class='ocrx_word' id='word_1_432' title='bbox 414 3996 438 4049; x_wconf 91' lang='lat' dir='ltr'><strong>b)</strong></span> <span class='ocrx_word' id='word_1_433' title='bbox 454 3998 485 4037; x_wconf 80' lang='lat' dir='ltr'><strong>ita</strong></span> <span class='ocrx_word' id='word_1_434' title='bbox 503 3998 551 4047; x_wconf 83' lang='lat' dir='ltr'><strong>Oi.,·</strong></span> <span class='ocrx_word' id='word_1_435' title='bbox 566 3999 622 4037; x_wconf 80' lang='lat' dir='ltr'><strong>deest</strong></span> <span class='ocrx_word' id='word_1_436' title='bbox 638 3998 699 4037; x_wconf 82' lang='lat' dir='ltr'><strong>codd.</strong></span> <span class='ocrx_word' id='word_1_437' title='bbox 783 3997 947 4049; x_wconf 86' lang='lat' dir='ltr'><strong>e)Bets.B1.</strong></span> <span class='ocrx_word' id='word_1_438' title='bbox 1030 3995 1272 4048; x_wconf 73' lang='lat' dir='ltr'><strong>d)portrappz.31.</strong></span> 
     </span>
     <span class='ocr_line' id='line_1_48' title="bbox 149 4054 1270 4108; baseline -0.001 -12"><span class='ocrx_word' id='word_1_439' title='bbox 149 4055 172 4108; x_wconf 88' lang='lat' dir='ltr'><strong>e)</strong></span> <span class='ocrx_word' id='word_1_440' title='bbox 187 4057 349 4097; x_wconf 86' lang='lat' dir='ltr'><strong>ascenderunt.</strong></span> <span class='ocrx_word' id='word_1_441' title='bbox 379 4057 458 4096; x_wconf 86' lang='lat' dir='ltr'><strong>Primo</strong></span> <span class='ocrx_word' id='word_1_442' title='bbox 474 4058 517 4098; x_wconf 81' lang='lat'><strong>01.</strong></span> <span class='ocrx_word' id='word_1_443' title='bbox 536 4057 557 4098; x_wconf 76' lang='lat' dir='ltr'><strong>a.</strong></span> <span class='ocrx_word' id='word_1_444' title='bbox 616 4055 634 4108; x_wconf 78' lang='lat' dir='ltr'><strong>f)</strong></span> <span class='ocrx_word' id='word_1_445' title='bbox 650 4058 682 4095; x_wconf 80' lang='lat' dir='ltr'><strong>ita</strong></span> <span class='ocrx_word' id='word_1_446' title='bbox 698 4056 744 4106; x_wconf 84' lang='lat' dir='ltr'><strong>Ol.,·</strong></span> <span class='ocrx_word' id='word_1_447' title='bbox 764 4059 867 4106; x_wconf 87' lang='lat' dir='ltr'><strong>presenti</strong></span> <span class='ocrx_word' id='word_1_448' title='bbox 882 4057 943 4096; x_wconf 77' lang='lat' dir='ltr'><strong>eodd.</strong></span> <span class='ocrx_word' id='word_1_449' title='bbox 1010 4054 1033 4106; x_wconf 86' lang='lat' dir='ltr'><strong>g)</strong></span> <span class='ocrx_word' id='word_1_450' title='bbox 1049 4057 1103 4106; x_wconf 70' lang='lat' dir='ltr'><strong>lege:</strong></span> <span class='ocrx_word' id='word_1_451' title='bbox 1119 4056 1270 4105; x_wconf 75' lang='lat' dir='ltr'><strong>quadrifarie.</strong></span> 
     </span>
     <span class='ocr_line' id='line_1_49' title="bbox 147 4113 1162 4166; baseline 0 -11"><span class='ocrx_word' id='word_1_452' title='bbox 147 4113 173 4166; x_wconf 91' lang='lat' dir='ltr'><strong>h)</strong></span> <span class='ocrx_word' id='word_1_453' title='bbox 190 4117 326 4165; x_wconf 82' lang='lat' dir='ltr'><strong>appellatur.</strong></span> <span class='ocrx_word' id='word_1_454' title='bbox 342 4126 357 4155; x_wconf 86' lang='lat' dir='ltr'><strong>a</strong></span> <span class='ocrx_word' id='word_1_455' title='bbox 372 4116 509 4165; x_wconf 83' lang='lat' dir='ltr'><strong>quibusdam</strong></span> <span class='ocrx_word' id='word_1_456' title='bbox 526 4115 634 4157; x_wconf 83' lang='lat' dir='ltr'><strong>edificare</strong></span> <span class='ocrx_word' id='word_1_457' title='bbox 651 4116 699 4157; x_wconf 89' lang='lat' dir='ltr'><strong>Bl.</strong></span> <span class='ocrx_word' id='word_1_458' title='bbox 715 4117 735 4158; x_wconf 78' lang='grc'><strong>2.</strong></span> <span class='ocrx_word' id='word_1_459' title='bbox 795 4115 813 4166; x_wconf 84' lang='grc'><strong>1)</strong></span> <span class='ocrx_word' id='word_1_460' title='bbox 831 4116 948 4156; x_wconf 81' lang='lat' dir='ltr'><strong>cesariam</strong></span> <span class='ocrx_word' id='word_1_461' title='bbox 964 4115 1010 4155; x_wconf 88' lang='lat' dir='ltr'><strong>Bl.</strong></span> <span class='ocrx_word' id='word_1_462' title='bbox 1027 4115 1062 4155; x_wconf 75' lang='lat'><strong>02</strong></span> <span class='ocrx_word' id='word_1_463' title='bbox 1078 4126 1089 4154; x_wconf 81' lang='lat' dir='ltr'><strong>e</strong></span> <span class='ocrx_word' id='word_1_464' title='bbox 1103 4126 1162 4155; x_wconf 80' lang='lat' dir='ltr'><strong>corr.</strong></span> 
     </span>
    </p>
   </div>
   <div class='ocr_carea' id='block_1_9' title="bbox 54 4208 1272 4561">
    <p class='ocr_par' dir='ltr' id='par_1_10' title="bbox 152 4208 1271 4277">
     <span class='ocr_line' id='line_1_50' title="bbox 152 4208 1271 4277; baseline 0.002 -19"><span class='ocrx_word' id='word_1_465' title='bbox 152 4208 181 4276; x_wconf 91' lang='lat'><strong>1)</strong></span> <span class='ocrx_word' id='word_1_466' title='bbox 194 4211 270 4262; x_wconf 84' lang='lat' dir='ltr'><strong>Haec</strong></span> <span class='ocrx_word' id='word_1_467' title='bbox 290 4219 344 4263; x_wconf 84' lang='lat' dir='ltr'><strong>tam</strong></span> <span class='ocrx_word' id='word_1_468' title='bbox 362 4212 392 4262; x_wconf 81' lang='lat' dir='ltr'><strong>ia</strong></span> <span class='ocrx_word' id='word_1_469' title='bbox 411 4209 499 4262; x_wconf 81' lang='lat' dir='ltr'><strong>codice</strong></span> <span class='ocrx_word' id='word_1_470' title='bbox 518 4227 604 4276; x_wconf 80' lang='lat' dir='ltr'><strong>supra</strong></span> <span class='ocrx_word' id='word_1_471' title='bbox 623 4211 734 4262; x_wconf 78' lang='lat' dir='ltr'><strong>laudato</strong></span> <span class='ocrx_word' id='word_1_472' title='bbox 754 4228 835 4277; x_wconf 81' lang='lat' dir='ltr'><strong>quam</strong></span> <span class='ocrx_word' id='word_1_473' title='bbox 847 4209 876 4260; x_wconf 83' lang='lat' dir='ltr'><strong>in</strong></span> <span class='ocrx_word' id='word_1_474' title='bbox 888 4209 1017 4276; x_wconf 82' lang='lat' dir='ltr'><strong>impressa</strong></span> <span class='ocrx_word' id='word_1_475' title='bbox 1034 4208 1133 4261; x_wconf 73' lang='lat' dir='ltr'><strong>oliveri</strong></span> <span class='ocrx_word' id='word_1_476' title='bbox 1150 4209 1271 4273; x_wconf 75' lang='lat' dir='ltr'><strong>historie,</strong></span> 
     </span>
    </p>

    <p class='ocr_par' dir='ltr' id='par_1_11' title="bbox 149 4281 1272 4350">
     <span class='ocr_line' id='line_1_51' title="bbox 149 4281 1272 4350; baseline -0.003 -16"><span class='ocrx_word' id='word_1_477' title='bbox 149 4301 194 4349; x_wconf 84' lang='lat' dir='ltr'><strong>ap.</strong></span> <span class='ocrx_word' id='word_1_478' title='bbox 218 4285 342 4348; x_wconf 74' lang='lat' dir='ltr'><strong>Eccard,</strong></span> <span class='ocrx_word' id='word_1_479' title='bbox 368 4283 445 4350; x_wconf 80' lang='lat' dir='ltr'><strong>Oorp.</strong></span> <span class='ocrx_word' id='word_1_480' title='bbox 464 4284 525 4335; x_wconf 79' lang='lat' dir='ltr'><strong>bier.</strong></span> <span class='ocrx_word' id='word_1_481' title='bbox 545 4283 587 4348; x_wconf 92' lang='lat' dir='ltr'><strong>II,</strong></span> <span class='ocrx_word' id='word_1_482' title='bbox 609 4302 638 4350; x_wconf 85' lang='lat' dir='ltr'><strong>p.</strong></span> <span class='ocrx_word' id='word_1_483' title='bbox 660 4285 739 4348; x_wconf 82' lang='lat'><strong>1398,</strong></span> <span class='ocrx_word' id='word_1_484' title='bbox 764 4285 867 4338; x_wconf 79' lang='lat' dir='ltr'><strong>desunt.</strong></span> <span class='ocrx_word' id='word_1_485' title='bbox 952 4285 981 4350; x_wconf 76' lang='lat'><strong>2)</strong></span> <span class='ocrx_word' id='word_1_486' title='bbox 1007 4283 1083 4334; x_wconf 86' lang='lat' dir='ltr'><strong>Haec</strong></span> <span class='ocrx_word' id='word_1_487' title='bbox 1107 4282 1137 4333; x_wconf 81' lang='lat' dir='ltr'><strong>t‘n</strong></span> <span class='ocrx_word' id='word_1_488' title='bbox 1164 4281 1272 4335; x_wconf 82' lang='lat' dir='ltr'><strong>Olivera&#39;i</strong></span> 
     </span>
    </p>

    <p class='ocr_par' dir='ltr' id='par_1_12' title="bbox 54 4354 1269 4561">
     <span class='ocr_line' id='line_1_52' title="bbox 149 4354 1269 4424; baseline -0.004 -16"><span class='ocrx_word' id='word_1_489' title='bbox 149 4358 261 4422; x_wconf 80' lang='lat' dir='ltr'><strong>epistola</strong></span> <span class='ocrx_word' id='word_1_490' title='bbox 280 4357 383 4422; x_wconf 83' lang='lat' dir='ltr'><strong>desunt,</strong></span> <span class='ocrx_word' id='word_1_491' title='bbox 408 4359 455 4410; x_wconf 83' lang='lat' dir='ltr'><strong>sed</strong></span> <span class='ocrx_word' id='word_1_492' title='bbox 474 4356 553 4410; x_wconf 77' lang='lat' dir='ltr'><strong>etiam</strong></span> <span class='ocrx_word' id='word_1_493' title='bbox 572 4358 601 4408; x_wconf 83' lang='lat' dir='ltr'><strong>in</strong></span> <span class='ocrx_word' id='word_1_494' title='bbox 626 4357 738 4409; x_wconf 80' lang='lat' dir='ltr'><strong>historio</strong></span> <span class='ocrx_word' id='word_1_495' title='bbox 761 4357 837 4424; x_wconf 84' lang='lat' dir='ltr'><strong>infra</strong></span> <span class='ocrx_word' id='word_1_496' title='bbox 861 4355 891 4408; x_wconf 81' lang='lat' dir='ltr'><strong>ia</strong></span> <span class='ocrx_word' id='word_1_497' title='bbox 910 4354 1034 4424; x_wconf 68' lang='lat' dir='ltr'><strong>append.</strong></span> <span class='ocrx_word' id='word_1_498' title='bbox 1060 4356 1133 4408; x_wconf 83' lang='lat' dir='ltr'><strong>edita</strong></span> <span class='ocrx_word' id='word_1_499' title='bbox 1160 4357 1269 4423; x_wconf 71' lang='lat' dir='ltr'><strong>legitur:</strong></span> 
     </span>
     <span class='ocr_line' id='line_1_53' title="bbox 54 4430 1017 4561; baseline 0.002 -81"><span class='ocrx_word' id='word_1_500' title='bbox 54 4487 60 4498; x_wconf 34' lang='grc' dir='ltr'>ι</span> <span class='ocrx_word' id='word_1_501' title='bbox 148 4430 216 4481; x_wconf 91' lang='lat' dir='ltr'><strong>licet</strong></span> <span class='ocrx_word' id='word_1_502' title='bbox 234 4432 331 4482; x_wconf 84' lang='lat' dir='ltr'><strong>frustra</strong></span> <span class='ocrx_word' id='word_1_503' title='bbox 349 4432 384 4482; x_wconf 90' lang='lat' dir='ltr'><strong>ad</strong></span> <span class='ocrx_word' id='word_1_504' title='bbox 404 4432 567 4482; x_wconf 87' lang='lat' dir='ltr'><strong>manendum</strong></span> <span class='ocrx_word' id='word_1_505' title='bbox 586 4433 701 4482; x_wconf 87' lang='lat' dir='ltr'><strong>invitati.</strong></span> <span class='ocrx_word' id='word_1_506' title='bbox 971 4497 1017 4561; x_wconf 61' lang='grc'><strong>6*</strong></span> 
     </span>
    </p>
   </div>
   <div class='ocr_carea' id='block_1_10' title="bbox 0 0 1555 4982">
    <p class='ocr_par' dir='ltr' id='par_1_13' title="bbox 0 0 1555 4982">
     <span class='ocr_line' id='line_1_54' title="bbox 0 0 1555 4982; baseline 0 0"><span class='ocrx_word' id='word_1_507' title='bbox 0 0 1555 4982; x_wconf 95' lang='lat' dir='ltr'><strong> </strong></span> 
     </span>
    </p>
   </div>
  </div>
 </body>
</html>
