3102 4978
334 457 522 511 OHRONICA
541 459 654 513 REGIA
675 461 917 515 OOLONIENSIS
937 463 970 515 A.
992 464 1071 516 1110.
1228 464 1265 513 49

518 633 685 687 Recensio
704 634 729 687 Ι.
748 636 843 687 codd.
862 629 921 687 As

34 781 37 789 ,
134 721 217 804 fieri
233 720 465 805 permittimus,
488 729 533 782 set
556 722 686 784 omnino
708 722 937 786 interdicentes
954 724 1185 807 prohibemus'.
1224 723 1265 788 Si

165 806 218 868 uis
245 805 442 888 principum
473 803 523 866 uei
555 804 696 869 oliorum
728 805 890 869 laicorum
926 807 1174 891 dispositionem
1210 831 1265 872 seu

142 828 353 952 donationem
369 909 478 950 rerum
500 889 567 950 siue
583 891 849 973 possessionum*¹
872 888 1081 955 ecclesiarum
1103 892 1167 956 sibi
1188 915 1262 956 oen·

144 973 314 1053 dicaverit,
336 980 371 1034 ut
393 969 575 1056 sacrilepus
595 972 770 1037 iudicetur.
810 972 928 1038 Clerici
941 997 1014 1039 uero
1031 997 1087 1040 seu
1101 976 1263 1057 monachi,

143 1059 203 1140 qui
219 1077 275 1119 eos
285 1078 351 1139 per
359 1064 549 1140 potestatem
562 1055 695 1121 iliorum
710 1059 921 1141 susceperint,
937 1061 1265 1124 encommunicotioni

144 1141 361 1204 subiciantur.
405 1137 493 1204 Sient
514 1149 667 1224 pretereo
695 1141 841 1226 quidum,
871 1144 929 1228 qui
955 1143 1003 1206 nei
1032 1141 1188 1208 uiolentia
1216 1144 1265 1208 uei

132 1223 258 1309 sonore
280 1245 347 1288 uon
366 1225 560 1306 permittunt
583 1223 753 1289 ecclesiusb
776 1225 973 1325 reputoriter
1002 1227 1157 1292 ordinari
1163 1250 1175 1309 ,·
1207 1229 1264 1292 ios

83 1305 92 1325 ⁸
143 1312 241 1372 etium
264 1307 465 1372 decernimus
487 1317 523 1374 ut
544 1307 722 1394 sooriiepos
743 1310 952 1374 iudicandos.
992 1308 1058 1385 Qui
1079 1333 1154 1376 uero
1169 1310 1264 1376 eccle-

143 1395 215 1456 sios
238 1413 348 1455 eorum
368 1391 523 1456 uiolentia
545 1391 594 1456 oei
612 1395 806 1478 potestativo
818 1392 942 1478 fnoore
968 1397 1179 1481 susceperint,
1209 1419 1263 1461 en·

143 1477 432 1540 communicationi
453 1476 671 1542 subiciuntur.
718 1475 920 1563 Quicumque
945 1501 996 1543 res
1018 1477 1264 1564 uonfroporum

144 1561 321 1644 diripiunt,
344 1568 379 1622 ut
397 1569 547 1644 ruptores
569 1570 598 1623 et
602 1559 756 1644 fratrum
778 1571 943 1626 necatores
966 1563 1006 1627 oo
1030 1563 1187 1629 nocctesio
1209 1587 1263 1629 eoc-

144 1643 333 1710 ctudontur.
381 1641 465 1706 Illud
488 1645 584 1708 etiam
605 1645 777 1729 repetitum
800 1655 831 1709 et
853 1645 1075 1710 confirmatum
1098 1657 1155 1729 est,
1178 1647 1265 1733 quod

143 1730 177 1791 in
199 1729 349 1793 Trecensi
373 1726 508 1792 concilio
537 1727 576 1792 de
602 1729 798 1793 investituris
825 1728 1063 1814 promulgatum
1092 1739 1149 1813 est,
1200 1731 1265 1795 uod

143 1814 189 1876 ita
219 1835 253 1876 se
283 1810 395 1876 habet:
421 1811 693 1877 Constitutiones1
711 1823 858 1898 potrum.
902 1814 1044 1878 Predicti
1069 1814 1099 1878 le
1124 1815 1168 1879 ati
1215 1838 1266 1880 eo-

143 1896 233 1960 dium
260 1895 301 1959 ad
330 1917 440 1981 regem
467 1894 609 1977 veniunt,
637 1917 825 1982 responsum
854 1896 964 1961 domni
991 1838 1160 1983 apostoiici
1187 1898 1266 1964 refe-

143 1991 260 2061 rentes,
293 2001 331 2046 ea
362 1989 486 2044 tantum
519 2001 582 2066 que
612 1980 758 2044 canonici
784 1989 815 2045 et
844 1981 1052 2047 ecclesiastici
1083 1983 1163 2046 iuris
1194 1994 1267 2048 sunt

145 2063 299 2128 domnum
326 2063 539 2151 apostolicum
569 2065 710 2211 exipere,
740 2063 780 2128 de
806 2062 856 2128 his
884 2087 961 2130 vero
989 2089 1052 2152 que
1079 2089 1113 2130 re
1139 2068 1160 2130 'i
1188 2068 1265 2132 iuris

144 2159 220 2213 sunt
241 2148 370 2212 domino
392 2149 461 2234 regi
484 2171 518 2212 se
540 2148 624 2212 nich'
659 2150 858 2219 imminuere,
935 2150 985 2215 Ibi
1001 2150 1089 2236 apud
1138 2150 1265 2216 sodium

144 2232 293 2297 dominus
316 2255 375 2301 rex
396 2230 526 2317 Anglici
547 2235 631 2315 regis
653 2231 751 2296 filiam
774 2232 947 2297 honorifice
975 2243 1011 2298 ut
1039 2256 1148 2320 regem
1176 2234 1268 2299 decet

144 2337 297 2404 sponsam
330 2317 480 2403 suscepit.
533 2315 748 2381 Godefridus²
777 2317 846 2380 dux
872 2317 1100 2405 Lotharingiae
1129 2319 1266 2404 gratiam

144 2401 230 2487 regis
253 2399 293 2464 ob
315 2423 419 2465 novae
439 2401 654 2466 interventum
668 2403 798 2486 reginae
813 2403 1000 2548 promeruit.
1064 2402 1135 2468 Rex
1150 2402 1265 2468 festum

143 2485 283 2571 paschae
305 2484 393 2571 apud
414 2485 597 2550 Traiectum
620 2486 754 2570 peragit.
796 2486 813 2549 I
837 2487 849 2550 i
870 2508 912 2550 ex
933 2487 1023 2551 iussu
1051 2487 1136 2571 regis
1164 2508 1201 2551 ca
1223 2488 1267 2552 ite

144 2569 277 2655 quidam
299 2579 465 2634 truncatur
496 2571 573 2655 quia
594 2568 628 2632 in
649 2591 761 2634 necem
783 2568 925 2634 eiusdem
946 2570 1168 2657 loci-episcopi
1211 2593 1268 2634 un·

143 2653 214 2718 radi
236 2655 405 2719 consensit.
449 2617 500 2717 liii
520 2677 579 2718 rex
606 2675 756 2753 sponsam
784 2675 874 2717 suam
904 2655 992 2740 regio
1019 2677 1108 2720 more
1136 2655 1266 2725 dotavit.

143 2737 217 2802 Hec
239 2737 350 2802 eadem
371 2738 405 2800 in
426 2736 506 2802 festo
528 2736 791 2802 sanct1Iacobia
816 2738 908 2803 ostoli
926 2739 960 2802 in
974 2739 1118 2824 reginam
1133 2740 1187 2804 Mo
1213 2759 1364 2803 on-nrns.

143 2823 208 2886 tiae
229 2822 270 2886 ab
293 2821 534 2906 archiepiscopo
557 2820 722 2886 Friderico
746 2759 898 2886 Ooioniae
921 2831 1136 2890 consecratur.
1189 2763 1267 2887 8ΕΚ-

144 2905 272 3054 pefiitip1
287 2905 321 2968 in
335 2903 461 2970 Italiam
483 2905 524 2970 ab
546 2905 704 2970 universis
719 2905 895 2971 occidentis
910 2906 1112 2993 principibus
1126 2907 1268 2972 Traiecti

145 3011 184 3054 co
208 3012 250 3054 au
274 2998 354 3058 atur.

221 3073 366 3138 Circei).
389 3072 518 3137 Nonas⁰
539 3072 625 3136 Iunii
648 3071 738 3137 stella
760 3071 869 3137 adulta
893 3075 958 3138 iam
985 3083 1079 3138 nocte
1108 3095 1127 3138 a
1152 3075 1268 3163 paruit,

146 3158 254 3225 radios
288 3156 463 3221 admodum
493 3156 605 3241 longos
637 3178 749 3220 versus
782 3167 928 3222 austrum
956 3157 995 3222 de
1025 3181 1059 3222 se
1091 3181 1108 3223 e
1135 3159 1267 3228 undans.

146 3241 285 3329 Eclipsis
307 3240 401 3306 lunae
423 3240 509 3306 facta
530 3249 578 3305 est
600 3242 629 3310 2,
652 3240 761 3305 Nonas
783 3241 858 3305 Mai.

482 3385 649 3438 Recensio
671 3385 713 3438 ΙΙ.
734 3386 825 3438 codd.
846 3387 880 3438 B.
901 3383 928 3436 0.

148 3492 224 3538 tata
243 3493 330 3539 sunt.
369 3488 427 3538 Rex
447 3486 518 3554 apud
539 3486 669 3538 Leodium
689 3502 815 3552 sponsam
835 3488 962 3552 suscepit,
982 3487 1104 3536 Heinrici
1123 3486 1195 3550 regis
1214 3484 1269 3536 An-

147 3561 252 3627 glorum
278 3561 369 3612 filiam.
408 3560 495 3610 Inde
521 3561 673 3610 Traiectum
697 3562 808 3622 venit,
837 3561 884 3609 ubi
913 3576 946 3609 ex
975 3561 1032 3610 eius
1058 3561 1132 3609 iussu
1161 3557 1269 3624 quidam

149 3635 238 3700 capite
257 3639 404 3697 truncatur,
424 3634 515 3699 quiin
534 3634 628 3683 necem
650 3632 769 3683 cunradi
795 3633 915 3699 episcopi
940 3634 1124 3684 consensisse
1150 3647 1269 3696 argue-

149 3707 258 3758 batur.
305 3707 347 3757 Ibi
376 3723 422 3757 rex
450 3723 573 3773 sponsam
604 3721 679 3756 stram
708 3705 824 3769 dotavit3
856 3722 935 3771 quam
964 3711 1087 3772 postea
1115 3705 1270 3757 Fridericus

149 3779 317 3831 Coloniensis
337 3780 457 3846 pontifex
476 3780 614 3845 Mogontia
634 3781 662 3828 in
682 3780 801 3844 reginam
822 3781 998 3830 consecravit.

223 3853 335 3905 Cometa
354 3855 486 3920 apparuit.
525 3853 649 3919 Eclypsis
669 3851 731 3902 lune
750 3853 822 3903 facta
842 3858 884 3904 est
904 3847 963 3919 [Μ
982 3853 1050 3904 Non.
1071 3848 1172 3918 Feb.].

149 3979 353 4091 ηροῶεθῖεἰοηὲω
363 3980 417 4079 1213
433 3980 593 4081 ¹2⁹⁸&st
637 3978 847 4031 b)eccl¹asiasA1.
893 3978 1224 4031 c)toeoctieinotoemaendondu
1233 3985 1269 4021 est.

148 4054 177 4076 =
262 4051 298 4080 oco
328 4051 357 4083 es.
400 4043 420 4082 1.
461 4043 483 4080 2.

152 4151 181 4220 1)
200 4153 291 4205 Morosi
311 4155 327 4205 l.
348 4155 379 4205 t:
407 4153 616 4205 constitutiones
636 4157 787 4205 sanctorum
808 4168 941 4205 canonum
960 4157 1103 4219 sequentes
1122 4154 1270 4214 statuimus,

149 4232 187 4290 ut,
208 4229 369 4295 quicumque
384 4224 541 4278 clericorum
555 4228 588 4277 ab
603 4228 655 4276 hac
674 4227 739 4277 hora
758 4227 942 4278 investituram
963 4225 1165 4277 ecclesiasticae
1184 4225 1271 4290 digni·

150 4301 214 4351 tatis
231 4300 265 4352 de
285 4317 365 4351 manu
383 4301 475 4351 laicali
489 4302 632 4367 acciperet*
646 4305 672 4350 et
692 4301 738 4365 qui
759 4301 784 4349 ei
803 4315 910 4350 manum
929 4300 1092 4365 imposuerit,
1112 4297 1210 4363 gradus
1230 4299 1272 4349 sui

150 4375 270 4439 periculo
293 4375 433 4425 subiaceat
458 4380 486 4424 et
510 4374 694 4428 communione
720 4375 847 4438 privetur.
930 4369 958 4437 2)
985 4371 1026 4422 De
1045 4369 1173 4422 Heinrioo
1198 4368 1271 4419 Lim-

151 4445 275 4513 burpensi
293 4447 462 4514 copitundmn
481 4463 544 4510 esse,
559 4445 668 4512 putauit
687 4443 795 4497 Scin-B.

1019 4530 1040 4591 4
