3126 4976
301 376 354 426 124
442 375 629 428 CHRONIOA
647 374 762 427 REGIA
782 375 1024 430 COLONIENSIS
1043 379 1075 428 A.
1098 378 1177 430 1173.
1200 379 1279 430 1174.

703 548 869 601 Beceueio
888 549 912 602 I.
931 559 961 603 et
979 550 1027 602 ΙΙ.

300 644 431 700 corum²
459 656 575 720 passus
601 643 650 699 est
674 633 807 699 insidias
843 644 875 700 et
901 658 922 699 a
948 657 982 700 re
1007 659 1024 700 e
1046 634 1428 738 Constantinopolitanos
1535 702 1539 709 .

299 717 475 785 honorifice
509 729 676 805 susceptus
709 729 741 783 et
772 719 943 805 magnifice
977 659 1129 786 dimissus
1163 730 1226 804 est3
1261 745 1296 786 m
1317 722 1426 790 reditu

299 825 376 868 vero
400 802 532 890 quidam
553 824 612 867 rex
632 814 798 889 paganus²
821 825 895 870 eum
916 802 1091 869 honorifice
1113 806 1307 892 suscipiens,
1330 806 1425 893 plura

300 898 333 953 et
367 909 421 952 ma
466 887 541 951 ilica
573 887 658 950 dona
684 887 800 974 optulit
841 909 1016 974 omnesque
1045 890 1190 974 captivos
1224 889 1424 966 christianos,

300 973 357 1059 qui
389 994 427 1036 su
481 993 582 1056 regno
615 973 683 1036 eius
716 971 899 1054 exulabant,
935 972 1116 1038 interventu
1138 974 1253 1039 ducisb
1275 972 1422 1045 absolvit.

383 1055 509 1120 Eodem
531 1066 639 1120 anno³
668 1059 842 1141 imperator
863 1077 938 1120 cum
959 1058 1123 1121 maximo⁰
1145 1059 1290 1123 exercitu
1311 1059 1424 1124 Bawa-

298 1160 419 1222 rorum,
443 1139 632 1220 suevorum,
653 1140 862 1221 Francorum,
895 1140 1061 1206 Saxonum
1083 1142 1117 1204 in
1138 1142 1307 1207 Poloniam
1328 1145 1423 1229 profi-

299 1225 429 1289 ciscitur
460 1245 520 1322 pro
551 1222 747 1288 restituendo
781 1233 896 1308 nepote
929 1236 1007 1289 suo⁴
1039 1227 1087 1288 in·
1106 1225 1269 1291 ducatum.
1318 1229 1425 1293 Tanta

298 1316 406 1372 autem
428 1307 490 1372 furt
516 1306 687 1372 multitudo
709 1309 880 1390 exercitus,
911 1318 947 1373 ut
967 1308 1058 1374 multi
1080 1319 1244 1394 testentur,
1276 1310 1425 1375 nullum<¹

298 1413 454 1479 umquam
483 1392 709 1476 imperatorem
742 1402 808 1456 tam
840 1391 974 1456 honesta
1010 1393 1218 1480 expeditione
1253 1395 1423 1461 Poloniam

297 1477 443 1546 intrasse.
487 1476 596 1540 Primo
622 1477 731 1563 itaque
756 1477 905 1560 ingressu
935 1478 1003 1541 eius
1030 1477 1240 1544 Polonienses
1267 1481 1422 1558 exterriti,

299 1581 395 1644 quam
424 1560 576 1624 citissime
603 1560 645 1624 ad
671 1561 809 1646 gratiam
837 1562 906 1625 eius
932 1561 1104 1644 redierunt,
1140 1563 1205 1628 itae
1233 1562 1321 1650 quod
1349 1574 1422 1629 octo

297 1643 387 1707 milia
419 1666 601 1708 marcarum
634 1647 820 1730 imperatori
851 1654 883 1710 et
915 1645 981 1709 suis
1009 1645 1211 1712 contulerunt
1232 1657 1264 1713 et
1284 1649 1421 1733 imperio

299 1728 369 1792 eius
392 1737 424 1792 et
446 1729 533 1792 omni
554 1726 710 1793 voluntati
733 1751 804 1793 sese
827 1728 941 1795 devote
965 1730 1209 1801 subdiderunt⁵.
1261 1732 1342 1796 Inde
1363 1734 1422 1797 im-

296 1819 428 1897 perator
447 1811 585 1894 rediens,
620 1812 792 1878 Saxoniam
816 1812 1010 1898 ingreditur3
1043 1815 1097 1878 cui
1127 1837 1236 1880 omnes
1257 1817 1422 1903 principes

298 1896 442 1960 eiusdem
468 1897 656 1980 provinciae
679 1896 793 1963 devote
815 1908 1023 1962 occurrerunt
1043 1907 1150 1984 preter
1171 1899 1254 1964 filios
1276 1899 1422 1966 lllbertir

298 1979 500 2062 marchionis,
538 1981 594 2065 qui
619 1980 693 2047 ideo
720 2003 752 2046 se
782 1982 811 2045 ei
842 1993 1070 2082 opposuerunt,
1100 1985 1184 2131 puia
1211 1983 1423 2050 hereditatem
1517 2052 1522 2062 ,

299 2064 424 2129 comitis
446 2063 603 2129 Bernardi
624 2074 656 2129 et
677 2064 928 2130 domniMartmi
948 2065 1099 2131 Albersta
1123 2069 1251 2132 ensissr
1274 2069 1422 2156 episcopi

297 2148 490 2234 requirebat.
549 2147 671 2214 Contra
701 2148 760 2213 hos
791 2150 901 2236 itaque
932 2149 1108 2236 imperator
1139 2151 1259 2217 bellum
1292 2175 1422 2220 movere

297 2233 399 2308 nisus,
421 2234 602 2297 interventu
624 2233 825 2318 quorundam
847 2235 1030 2319 principum
1053 2235 1115 2299 hoc
1136 2235 1268 2319 distulit,
1291 2239 1346 2324 qui
1365 2259 1421 2303 eos

298 2316 340 2380 ad
362 2319 498 2402 gratiam
522 2318 592 2380 eius
614 2318 766 2381 reducere
787 2319 1014 2402 promiserunt.

382 2399 450 2464 Illis
472 2398 587 2464 diebus
609 2400 707 2486 legati
721 2403 807 2486 regis
823 2401 893 2466 Bab
918 2401 1044 2467 Ioniae*
1067 2403 1110 2468 ad
1124 2405 1351 2488 imperatorem
1366 2428 1420 2470 ve-

296 2494 421 2564 nerunt,
436 2507 509 2548 rara
528 2494 560 2550 et
573 2487 721 2570 preciosa
735 2507 869 2550 munera
905 2487 1070 2557 eferentes.
1104 2487 1239 2574 Legatio
1254 2487 1327 2553 talis
1343 2499 1421 2572 erat,

298 2569 384 2651 quod
395 2567 481 2632 idem
492 2569 572 2633 reull
583 2578 714 2655 peteret,
730 2578 766 2634 ut
777 2569 842 2636 filio
854 2591 912 2634 suo
924 2570 989 2634 filia
1000 2572 1204 2657 imperatoris
1215 2574 1419 2638 matrimonio

297 2653 491 2737 iungeretur,
516 2674 554 2717 ea
573 2653 765 2736 conditione,
788 2664 824 2718 ut
839 2655 909 2740 ipse
926 2677 985 2719 rex
1002 2677 1077 2718 cum
1094 2655 1160 2721 filio
1177 2665 1210 2720 et
1221 2658 1308 2720 omni
1319 2679 1419 2742 regno

297 2757 355 2799 suo
378 2736 643 2802 christianitatem
669 2738 847 2823 susciperet
874 2747 907 2802 et
928 2759 1039 2803 omnes
1061 2741 1206 2824 captivos
1231 2740 1420 2806 christianos

296 2818 465 2884 relaxaret.
498 2821 678 2908 imperator
699 2843 775 2886 vero
800 2821 930 2886 eosdem
949 2821 1072 2906 legatos
1094 2823 1285 2889 honorilicei
1308 2847 1421 2890 secum

295 2925 355 2988 per
376 2903 546 2969 dimidium
573 2905 640 2970 fere
670 2926 791 2969 annum
823 2906 960 2971 detinuit
989 2917 1022 2972 et
1051 2908 1192 2992 singulas
1217 2909 1362 2975 civitates
1388 2919 1421 2974 et
1480 2945 1482 2949 ·

295 2988 375 3051 ritus
399 2987 568 3072 diligenter
588 2997 699 3053 notare
722 3000 754 3054 et
774 2991 933 3076 inspicere
956 2993 1124 3057 concessit.

379 3071 457 3157 Ipso
489 3095 574 3138 anno
611 3075 644 3136 in
672 3073 827 3138 Kalendis
853 3072 1046 3139 Decembris
1085 3076 1182 3141 tussis
1209 3075 1419 3142 intolerabilis

294 3164 327 3220 et
347 3155 491 3220 inaudita
512 3179 605 3220 omne
625 3157 885 3222 Theutonioumk
907 3181 1043 3242 regnum
1063 3168 1095 3222 et
1108 3160 1262 3245 precipue
1279 3159 1420 3225 Galliam

296 3237 464 3326 Comatam
490 3241 642 3326 pervasit,
679 3264 771 3307 senes
799 3265 874 3306 cum
901 3243 1080 3307 iunioribus
1111 3254 1143 3309 et
1168 3243 1343 3308 infantibus
1365 3245 1419 3310 de-

295 3321 442 3407 bilitavit,
452 3323 560 3411 plures
570 3326 665 3390 morti
677 3326 811 3391 addixit.
839 3326 1099 3393 Monasteriensis
1111 3328 1283 3412 episcopus
1294 3328 1419 3394 Luode-

294 3409 394 3472 wicus
428 3409 539 3476 eadem
568 3421 659 3496 peste
693 3409 858 3493 occubuit3
894 3412 948 3474 cui
974 3412 1148 3497 imperator
1175 3412 1419 3498 Herimannum,

294 3491 425 3558 fratrem
448 3494 573 3558 comitis
595 3494 635 3558 de
657 3493 869 3559 Kazinclinbo
895 3496 939 3576 el,
961 3494 1135 3560 substituit.

596 3578 699 3667 [23³⁰]
744 3580 837 3642 Anno
895 3579 993 3642 omini
1017 3580 1107 3644 1174.

381 3659 561 3746 Imperator
590 3661 696 3726 natale
717 3663 851 3726 Domini
882 3664 917 3726 in
939 3663 1082 3728 Saxonia
1103 3662 1191 3749 apud
1211 3661 1418 3748 Aldinburg¹¹

296 3785 319 3838 a)
335 3790 450 3828 terrarum
473 3787 522 3828 Ar.
583 3786 609 3839 b)
633 3789 689 3828 deae
711 3788 807 3839 0111111·
822 3791 836 3829 1.
852 3791 974 3830 relaxavit.
1034 3788 1056 3842 c)
1072 3801 1158 3840 magno
1175 3791 1217 3833 01.
1280 3789 1304 3842 (1)
1318 3795 1334 3832 1.
1351 3803 1416 3831 num-

294 3857 365 3896 quam
380 3848 544 3896 imperatorem
561 3845 604 3886 02.
644 3845 667 3898 e)
683 3847 909 3890 ita-contulerunt
924 3849 966 3892 dee.
982 3848 1024 3890 01.
1064 3848 1083 3902 t)
1100 3851 1180 3892 Ubertl
1196 3850 1240 3892 01.
1277 3849 1300 3902 g)
1316 3850 1417 3892 Alverst.

294 3905 406 3947 B1.02.
474 3903 499 3955 h)
515 3905 570 3944 deas
587 3905 628 3946 01.
698 3904 716 3957 1)
733 3907 850 3956 decerit,
873 3909 912 3948 ubi
927 3921 949 3958 p.
968 3908 990 3948 d.
1007 3909 1023 3950 f.
1041 3919 1062 3949 a.
1079 3920 1097 3950 s.
1115 3911 1147 3951 d..
1190 3907 1216 3962 k)
1231 3909 1418 3950 Theuthonicum
1495 3923 1498 3931 ¹

292 3975 350 4004 corr.
368 3963 537 4004 Tauthcnicum
553 3964 608 4014 1313
624 3965 795 4006 'l'euthcnicum
813 3967 856 4008 01.
922 3966 940 4019 l)
956 3968 1141 4017 Karinclinboge
1157 3968 1200 4010 01.
1268 3967 1416 4020 111)11.02.

293 4021 319 4074 n>
335 4022 465 4063 Aldinburc
480 4023 500 4062 A
510 4025 531 4065 1.

295 4116 324 4184 1)
343 4119 502 4170 Emuuuele.
577 4117 606 4185 2)
626 4117 749 4172 Kilidacb
767 4119 869 4174 Aesica
887 4120 1100 4185 1111111010.
1175 4120 1205 4188 3)
1221 4120 1301 4173 Auno
1314 4138 1416 4187 quoque

295 4193 380 4253 1172,·
401 4193 435 4258 cf.
461 4193 644 4259 Varreutrapp
664 4210 695 4258 p.
716 4194 748 4243 61
776 4212 802 4247 u.
878 4195 906 4260 4)
928 4193 1100 4246 Wlodislouo.
1162 4194 1192 4262 b)
1215 4195 1294 4247 Haec
1318 4195 1417 4246 dubiae

285 4264 354 4332 fidei
372 4273 453 4328 sunt3
479 4268 513 4332 cf.
530 4267 601 4318 Aua.
621 4266 711 4318 Polid.
730 4267 755 4319 b.
776 4285 802 4320 o.
851 4265 881 4334 6)
907 4267 1069 4330 Mieueaai35
1093 4285 1157 4319 aum
1178 4267 1415 4322 Haloerstadeua'r

284 4339 344 4404 suit
367 4337 512 4392 Odelricue.
571 4342 597 4403 7)
618 4340 636 4392 i.
656 4357 678 4392 e.
701 4337 825 4409 Aepppte'.
864 4340 919 4392 Sed
937 4341 1065 4393 soldanus
1077 4339 1163 4392 Iconii
1174 4341 1288 4408 intelligi
1300 4341 1415 4405 uidetur,

292 4412 324 4464 de
344 4429 394 4478 quo
409 4411 480 4466 idem
494 4413 576 4480 refert
589 4411 675 4464 ouon.
686 4411 759 4466 Fris.
770 4422 836 4466 cont.
848 4411 1031 4465 Soublueioao
1044 4432 1069 4466 a.
1086 4416 1165 4478 1179,
1177 4413 1226 4466 SS.
1238 4414 1297 4479 XX,
1307 4431 1339 4480 p.
1351 4415 1416 4468 317.
