3122 4978
181 384 370 437 CHRONIOA
385 385 498 436 REGIA
510 385 761 437 COLONIENSIS.
783 384 887 437 CONT.
897 386 950 436 111.
967 385 1001 437 A.
1013 385 1092 437 1205.
1105 385 1184 438 1206.
1210 385 1262 436 228

516 557 689 609 Benenato
708 558 732 610 Ι.
752 559 845 611 codd.
866 557 894 610 0.

145 642 235 707 lohel
262 642 422 729 propheta
443 642 576 707 dicitur:
599 644 781 709 Residucm
809 645 952 709 locustae
980 647 1116 710 comedit
1143 647 1369 716 trescasas*
1475 649 1480 662 '

143 736 176 791 et
197 737 304 791 cetera
313 738 337 806 ³,
359 728 514 814 quicquid
535 738 630 792 antea
644 727 685 791 ab
701 729 862 814 episcopis
885 739 917 807 et
938 751 1049 793 eorum
1072 729 1262 814 sequacibus

145 823 342 876 remanserat
363 814 528 892 intactum,
560 834 634 876 cum
662 813 728 876 suis
752 813 859 876 omnia
881 816 1049 894 consumit,
1071 814 1264 878 munitiones

147 896 335 980 circumque
358 918 399 959 ue
421 895 482 959 sibi
505 898 626 960 servire
649 905 681 960 et
702 896 831 961 obsides
853 897 929 962 dare
960 896 1132 983 compellit,
1162 899 1262 962 etsie
1365 943 1369 951 ·

147 979 310 1063 recedens,
332 919 499 1044 honnamb
522 982 618 1048 venit.
663 980 829 1045 Venerunt
861 991 966 1045 autern
1001 980 1168 1046 Coloniam
1200 982 1262 1046 hiis
1326 1000 1329 1005 ·

145 1064 259 1129 diebus
282 1064 413 1149 quidam
435 1064 570 1129 abbates
600 1064 640 1128 de
669 1065 768 1149 grisio
797 1065 908 1129 ordine
935 1087 955 1128 a
982 1065 1122 1150 capitulo
1146 1066 1263 1131 (lister-

145 1148 247 1212 ciensi
267 1148 366 1229 missi,
395 1157 430 1212 ut
451 1148 491 1212 de
514 1148 736 1247 componenda
757 1170 837 1233 pace
859 1151 915 1212 inc
936 1171 1035 1234 regno
1058 1150 1141 1214 inter
1162 1160 1264 1215 utros·

145 1254 209 1318 que
230 1254 324 1317 reges
347 1243 488 1318 agerent
533 1233 599 1313 Qun
619 1231 741 1298 ibidem
763 1253 783 1295 a
805 1234 929 1298 cunctis
951 1232 1090 1317 benigne
1113 1236 1264 1321 suscepti,

144 1316 247 1381 auditi
276 1326 308 1381 et
337 1317 471 1397 dimissi,
500 1317 646 1380 Bonnam
673 1317 715 1380 ad
736 1315 922 1402 Philippum
952 1339 1062 1402 regem
1092 1341 1126 1383 se
1155 1330 1263 1384 contu-

144 1400 258 1465 lerunt.
296 1402 385 1482 Quos
408 1402 532 1487 etipse
552 1409 717 1486 gratanter
738 1403 927 1486 suscipiens,
950 1411 983 1466 et
997 1423 1127 1466 causam
1143 1404 1263 1488 negotii

143 1483 335 1569 intelligens,
359 1485 474 1549 ducem
496 1485 648 1549 Austriae
670 1494 703 1549 et
723 1484 826 1548 alios(l
849 1484 972 1550 nobiles
999 1486 1086 1550 viros
1109 1509 1183 1551 cum
1205 1488 1263 1552 eis·

144 1569 217 1633 dem
239 1568 280 1632 ad
305 1570 457 1634 Ottonem
478 1571 602 1633 remisit
627 1591 747 1654 regem,
778 1569 918 1654 plurima
944 1571 975 1634 ei
1003 1573 1203 1655 promittens,
1236 1571 1264 1636 si

143 1675 243 1738 regno
267 1653 403 1718 cederet.
449 1653 514 1718 Sed
535 1655 594 1718 hec
616 1676 666 1718 res
688 1654 729 1716 ad
752 1655 900 1718 effectum
922 1675 987 1717 non
1033 1657 1164 1720 ervenit.

228 1737 367 1802 Litterae
384 1738 479 1803 etiam
496 1738 605 1800 domni
621 1749 741 1823 papae¹
759 1737 821 1802 illis
837 1738 950 1803 diebus
967 1677 1120 1803 Coloniae
1134 1762 1262 1825 presen-

144 1830 261 1904 tantur,
282 1823 318 1886 in
340 1823 457 1908 quibus
479 1823 665 1886 invasorese
687 1821 895 1887 ecclesiarum
913 1823 1064 1888 iubentur
1078 1846 1263 1888 excommu-

143 1906 246 1969 nicari
267 1917 299 1970 et
321 1916 388 1970 tota
409 1915 494 1970 terra
515 1927 625 1970 eorum
648 1905 708 1970 sub
730 1905 899 1971 interdicto
921 1909 1007 1992 poni.
1051 1907 1145 1972 Unde
1160 1909 1263 1994 magis

143 1990 178 2053 in
205 1990 361 2054 insaniam
383 1991 468 2054 versi
494 1990 580 2054 idem
609 2000 754 2076 raptores
782 2012 910 2054 omnem
936 1991 1078 2055 furorem
1106 2014 1199 2056 suum
1228 1995 1262 2055 in

145 2073 265 2140 elerum
295 2075 470 2160 exagitant,
504 2084 610 2138 curtes
640 2084 672 2138 et
705 2075 817 2158 predia
850 2097 960 2139 eorum
993 2075 1056 2140 sibi
1081 2077 1262 2157 vendicant,

142 2159 265 2224 reditus
287 2181 397 2223 ornnes
417 2181 476 2243 per
496 2158 662 2222 biennium
685 2159 850 2246 diripiunt,
874 2169 905 2224 et
925 2161 960 2222 in
982 2170 1103 2224 tantam
1125 2181 1261 2246 pauper·

143 2251 242 2307 tatem
264 2241 419 2307 ecclesiae
442 2242 626 2324 deveniunt,
654 2252 699 2324 ut,
728 2242 885 2330 quicquid
908 2254 1039 2309 ornatus
1067 2245 1101 2307 in
1122 2265 1201 2308 auro
1229 2253 1262 2308 et

142 2337 275 2412 argento
297 2337 329 2391 et
349 2329 485 2413 gemmis
506 2328 663 2414 preciosis
691 2329 726 2390 in
755 2329 800 2392 eis
830 2329 872 2392 ab
893 2329 1068 2415 antiquitus
1098 2337 1261 2392 servatum

141 2411 256 2494 fuerat,
277 2422 379 2477 totum
402 2412 590 2478 distractum
611 2421 644 2476 et
664 2412 829 2476 venditum
851 2412 901 2476 sit.

548 2502 710 2554 Beceaeio
729 2502 754 2553 Ι.
774 2509 804 2554 et
822 2501 863 2555 II.

511 2570 606 2633 Anno
629 2570 781 2633 Dominis
803 2571 894 2634 1206.

226 2651 395 2739 Philippus
417 2677 476 2718 rex
498 2675 571 2718 cum
594 2655 738 2718 exercitu
764 2656 881 2719 iterum
903 2653 945 2717 ad
967 2652 1131 2718 inferiores
1152 2664 1260 2739 partes

143 2736 351 2818 descendens,
381 2749 568 2803 occurrente
590 2737 652 2802 sibi
673 2736 793 2802 Adolfo
814 2739 966 2823 episcopo
994 2758 1067 2801 cum
1090 2737 1259 2804 comitibus

144 2832 177 2886 et
199 2822 314 2887 ceteris
347 2820 510 2886 nobilibus
541 2831 655 2903 terrae,
689 2831 792 2887 totum
826 2823 1049 2909 episcopatum
1083 2823 1259 2888 secundum

141 2905 270 2971 libitum
293 2917 410 2969 suumss
432 2908 541 2969 omnia
554 2905 617 2970 sibi
639 2906 827 2971 subiciendo
872 2907 1015 2971 ercurrit.
1059 2907 1131 2970 Rex
1152 2918 1260 2972 autem

141 2991 225 3056 Otto
247 2999 279 3055 et
293 2990 412 3071 Bruno,
436 2991 492 3075 qui
513 2991 585 3076 ipso
607 3011 717 3055 mense
739 2991 773 3052 in
794 2928 1071 3076 archiepiscopum
1095 2990 1260 3057 ordinatus

139 3074 246 3138 fuerat
266 3096 286 3137 a
309 3073 449 3139 Sitridoh
472 3074 670 3160 Mogontino,
706 3075 908 3160 presentibus
939 3073 1065 3138 duobus
1099 3076 1259 3160 episcopis

141 3159 181 3222 de
203 3158 385 3236 Brittannia
407 3181 426 3222 a
447 3181 524 3243 rege
547 3156 684 3243 Angliae
707 3159 811 3222 missis
825 3169 847 3238 ²,
870 3179 941 3221 eum
963 3158 1027 3222 400
1048 3156 1201 3224 militibus
1228 3171 1261 3225 et

140 3242 266 3307 duobus
295 3242 426 3308 milibus
453 3243 599 3328 peditum
621 3242 662 3306 de
685 3240 820 3306 Colonia
849 3250 1012 3318 exeuntes,
1044 3262 1116 3304 eum
1146 3243 1260 3308 eodem

140 3326 312 3411 confligere
335 3336 524 3392 statuerunt.
568 3327 634 3392 Sed
655 3327 827 3390 traditione
848 3325 995 3390 Heinrici
1016 3324 1056 3388 de
1079 3325 1248 3389 Limburh¹

138 3410 181 3474 ad
204 3421 343 3476 castrum
365 3411 452 3497 quod
474 3409 870 3476 diciturWassinberhl·³
892 3432 966 3473 eum
988 3409 1152 3494 prosecuti
1173 3419 1205 3474 et
1226 3410 1260 3475 in

11 3513 39 3594 p·
139 3491 297 3580 palustria
328 3493 399 3559 loca
419 3496 559 3564 ‚deducti
580 3506 624 3580 ,et
656 3497 698 3560 ab
730 3494 875 3559 hostibus
905 3493 1131 3574 circumventi,
1167 3503 1261 3580 terga

141 3603 344 3616 *Ἣ
498 3619 665 3674 Beceaeio
684 3621 727 3673 ΙΙ.
746 3620 838 3674 codd.
858 3621 893 3672 B.

206 3711 325 3833 ΙΙιίΙιτοτθ
344 3713 424 3762 etiam
438 3713 528 3765 domni
541 3729 628 3781 papae
641 3716 669 3764 in
682 3714 724 3766 his
744 3713 838 3765 diebus
853 3739 886 3750 —·
902 3737 934 3750 -·
948 3711 1086 3763 venditum
1105 3713 1147 3763 sit.
1159 3729 1195 3757 ε.-
1208 3709 1261 3764 m-

140 3799 227 3836 ceasro
264 3819 271 3835 .

138 3929 203 3982 s)R.
218 3929 239 3972 l.
255 3941 274 3972 c.
295 3933 318 3970 et
339 3933 417 3971 cerere
431 3931 545 3972 bruchrlls
561 3933 670 3982 quicquid
691 3933 732 3974 01.
830 3931 855 3983 b)
878 3933 986 3974 Bunnsm
1009 3943 1067 3974 corr.
1088 3934 1194 3972 Bonnam
1215 3931 1258 3975 01.

139 3989 161 4040 e)
176 3990 203 4030 ln
218 4001 236 4032 r.
253 3989 297 4031 dec.
312 3991 356 4031 (12.
418 3988 441 4042 d)
458 3991 548 4030 nobiles
564 3991 622 4031 allon
639 3992 681 4033 Οἳ.
743 3989 829 4040 aldem
845 3993 889 4032 02.
948 3989 1092 4042 ftdomtnlee
1107 3993 1197 4031 incarn.
1215 3991 1259 4034 οἳ.

138 4048 305 4150 ilrfflbffrii,
320 4047 366 4149 Bhi
382 4047 444 4099 syc.
460 4049 510 4090 Bl.
556 4048 574 4102 l)
590 4051 695 4100 birburg
711 4049 959 4103 023LymburgB1.
1004 4049 1029 4102 k)
1046 4049 1197 4100 Weesinberg
1213 4051 1258 4101 013

141 4238 169 4307 1)
180 4241 222 4293 De
232 4240 327 4308 quibua
340 4242 374 4308 ef.
388 4239 567 4292 mirratum
581 4241 599 4292 l.
612 4241 629 4293 t
640 4258 672 4307 p.
686 4243 750 4294 393.
807 4239 836 4306 2)
848 4238 889 4306 (ff.
904 4240 977 4294 Oont.
991 4241 1149 4308 11‚p.179:
1167 4243 1213 4308 qni
1223 4243 1259 4294 ad

139 4314 191 4366 hoc
200 4317 287 4382 ipsum
297 4317 370 4368 iussn
383 4312 525 4382 apostolici
535 4313 674 4382 dehnglia
683 4315 749 4366 illuc
760 4315 934 4367 advenerant.
966 4316 996 4382 3)
1007 4317 1044 4367 od
1056 4313 1257 4383 Boerstuot'cm.
