3122 4978
310 387 363 439 224
392 387 578 440 GHRONIOA
592 386 705 439 nsum
719 384 973 437 COLONIENSIS.
994 383 1097 434 CONT.
1109 382 1162 435 111.
1182 383 1214 432 A.
1228 383 1308 434 1206.
1321 382 1401 433 1207.

694 557 863 610 Recensio
882 556 907 607 l.
927 563 957 609 et
976 555 1018 608 II.

310 646 422 711 dantes
450 643 561 730 lingere
589 653 751 729 ceperunt.
795 642 886 723 Quos
913 664 992 706 mox
1017 641 1195 708 adversarii
1222 644 1429 729 insequentes

311 740 342 795 et
371 729 479 793 omnia
505 749 588 814 qnae
610 749 719 793 secum
742 726 921 792 detulerant
942 726 1166 812 depredantes,
1196 725 1306 813 plures
1333 729 1430 792 etiam

310 812 357 878 ibi
378 812 495 878 milites
517 822 681 899 ceperunt.
725 812 797 876 Rex
823 832 900 876 vero
934 833 1008 874 oum
1036 811 1188 897 episcopo
1216 820 1364 878 castrum
1383 813 1429 875 in·

310 919 449 997 gressus,
483 897 538 961 sed
570 898 677 962 statim
709 895 750 960 ab
782 896 922 960 inimicis
953 895 1096 994 undique
1123 894 1269 976 vallatus,
1304 896 1428 961 occulte

310 982 386 1047 rnde
415 981 583 1066 egrediens
612 1002 685 1045 cum
707 980 811 1045 tribus
839 981 952 1060 sociis,
971 988 1088 1062 evas1t3
1122 979 1293 1065 episcopus
1322 989 1430 1045 autem

310 1066 432 1131 ibidem
454 1067 580 1150 capitur
606 1076 638 1129 et
659 1063 765 1151 Philip
792 1086 867 1129 ore
893 1065 899 1079 '
925 1063 1066 1152 offertur,
1095 1085 1190 1150 quem
1213 1065 1347 1129 manicis
1369 1064 1430 1130 fer-

310 1151 374 1216 reis
397 1152 604 1214 constrictum
627 1171 736 1213 seeum
777 1149 829 1213 uei
844 1151 877 1211 iu
901 1157 941 1212 et.
985 1147 1079 1212 Multi
1101 1148 1196 1211 etiam
1218 1147 1286 1212 ibis
1308 1147 1349 1212 de
1364 1151 1430 1214 vita

311 1234 501 1316 diffidentes,
533 1232 666 1319 paludes
689 1241 721 1298 et
741 1254 865 1318 aquosa
886 1232 955 1296 loca
977 1231 1020 1295 ad
1042 1231 1248 1296 occultandos
1271 1255 1305 1297 se
1327 1234 1361 1296 in
1401 1256 1430 1298 e-

311 1318 458 1400 diuntur3
487 1327 593 1382 cetera
614 1315 785 1381 multitudo
808 1319 905 1381 armis
929 1315 1057 1402 spoliati
1087 1327 1119 1381 et
1145 1317 1289 1382 vestibus
1317 1340 1362 1380 nu
1386 1319 1431 1382 eti

311 1404 448 1488 turpiter
468 1411 680 1469 revertuntur.
725 1401 803 1464 Post
824 1400 882 1467 hec
904 1400 1000 1465 ambo
1022 1423 1125 1486 reges,
1149 1401 1310 1465 mediante
1328 1401 1430 1467 Hein-

311 1487 378 1552 rico
400 1486 440 1550 de
461 1483 639 1566 Kalintbin,
668 1483 824 1548 familiare
851 1484 1045 1570 colloquium
1074 1487 1165 1548 iuxta
1187 1484 1355 1549 Coloniam
1376 1487 1430 1550 ha·

311 1571 466 1650 buerunt3
506 1569 562 1633 sed
590 1568 669 1654 quid
698 1568 792 1632 simul
818 1569 1010 1633 contulerint
1037 1568 1088 1634 vel
1116 1568 1276 1633 consiliati
1303 1569 1430 1651 fuerint,

311 1676 376 1719 non
399 1653 547 1718 omnibus
568 1652 623 1717 illo
651 1655 685 1716 in
706 1662 850 1738 tempore
872 1655 1019 1718 innotuit.
1063 1651 1232 1739 Philippus
1254 1655 1353 1737 igitur
1372 1677 1431 1719 rex

311 1747 474 1804 revertens
496 1737 657 1824 quendam
673 1747 814 1802 montem
828 1740 958 1803 nomine
974 1737 1184 1802 Gimmiehb·¹
1209 1735 1300 1801 iuxta
1314 1738 1362 1802 Re
1386 1740 1430 1803 io-

312 1844 443 1908 magum
460 1833 598 1906 occupat
619 1833 652 1888 et
673 1820 715 1885 ad
737 1822 963 1887 detrimentum
986 1823 1083 1886 totius
1124 1822 1287 1886 rovineiae
1308 1761 1430 1888 ibidem

307 1918 475 1971 castrum⁰
491 1906 635 1971 collocat.
679 1903 889 1972 Colonienses
903 1928 980 1971 vero
996 1844 1235 1971 considbrantes
1251 1905 1313 1970 sibi
1328 1917 1430 1972 totum

312 1991 483 2077 imperium
505 1990 668 2055 adversari
683 1999 715 2054 et
729 1988 850 2076 ubique
873 2011 946 2055 suos
969 2000 1103 2054 conatus
1121 1990 1276 2072 frustrari,
1298 1989 1431 2056 consilio

313 2085 346 2141 et
373 2073 493 2139 auxilio
524 2075 615 2140 ducis
642 2073 837 2140 Brebsntiae
870 2086 901 2140 et
928 2084 1106 2139 ceterorum
1133 2073 1289 2138 nobilium
1317 2085 1432 2158 terrae,

313 2159 499 2245 Philippum
527 2182 636 2245 regem
658 2156 840 2224 Bobardiae
867 2159 1014 2224 adierunt
1043 2169 1076 2224 et
1096 2158 1215 2223 ibidem
1238 2160 1268 2223 ei
1290 2162 1433 2224 reconci-

312 2244 380 2308 liati
401 2245 538 2330 gratiam
561 2245 628 2308 eius
650 2255 844 2308 moruerunt.
889 2244 953 2324 Qui
975 2245 1071 2307 etiam
1092 2251 1215 2343 postea,
1238 2244 1337 2307 misso
1361 2244 1432 2330 spi-

311 2332 398 2394 rensi
414 2330 584 2414 episcopo²
600 2326 777 2408 Coloniam,
794 2327 955 2392 fidehtatis
971 2326 1012 2391 ab
1028 2328 1074 2390 eis
1090 2337 1304 2391 iuramentum
1320 2330 1373 2392 exi
1397 2329 1430 2394 it.

396 2413 459 2478 Per
469 2412 554 2478 idem
566 2422 693 2498 tempus
706 2410 782 2475 Otto
795 2434 854 2476 rex
866 2411 905 2476 de
919 2411 1053 2477 Colonia
1065 2414 1186 2493 exiens,
1199 2412 1386 2477 Bruneswic
1417 2415 1432 2456 (ἰ

312 2501 411 2579 venit,
433 2497 542 2645 ibique
565 2497 660 2560 rebus
684 2497 749 2558 suis
773 2497 938 2577 ordinetis,
960 2518 1020 2581 per
1034 2518 1122 2560 mare
1138 2497 1269 2580 navigio
1279 2497 1432 2581 Angliam

312 2581 450 2647 intravit.
514 2581 546 2644 bi
561 2602 581 2643 a
595 2602 671 2666 rege
685 2578 833 2664 Angliee,
855 2578 1015 2644 avunculo
1032 2579 1156 2644 scilicet
1170 2601 1238 2661 suo,
1261 2591 1293 2645 et
1308 2583 1432 2647 cunetis

313 2666 382 2729 eius
404 2664 580 2729 baronibus
603 2686 677 2728 cum
698 2684 817 2748 magno
840 2664 959 2729 honore
981 2664 1154 2749 suscipitur
1176 2674 1207 2728 et
1228 2686 1286 2749 per
1311 2663 1434 2752 aliquot

312 2759 439 2834 tempus
453 2748 621 2829 detinetur,
644 2757 675 2812 et
689 2757 801 2833 postea
816 2748 967 2812 dimissus
982 2748 1023 2812 ab
1039 2747 1152 2813 eodem
1167 2758 1301 2833 accepte
1316 2772 1434 2836 magna

312 2834 461 2920 pecunia,
484 2834 662 2896 revertitur.

197 2899 303 3000 Μᾞζζ
398 2915 537 3002 Eclipsis
553 2915 628 2981 solis
643 2915 729 2978 facta
751 2917 840 2981 estP.
856 2913 928 2978 Kal.
944 2915 1058 2980 Marcii
1080 2916 1158 2980 hora
1179 2916 1243 2980 diei
1267 2918 1316 2981 10.
1349 2916 1434 2981 Nem

312 3001 442 3088 plurimi
463 3000 636 3064 humanum
661 3000 767 3085 capud
789 3023 823 3064 se
845 3001 878 3063 in
900 2998 966 3066 sole
988 3000 1108 3064 vidisse
1128 3001 1234 3065 testati
1256 3011 1359 3066 sunta

629 3084 706 3172 [10].
741 3084 837 3149 Anno
860 3084 1124 3149 Dominif1207.

397 3168 567 3255 Philippus
588 3179 668 3232 rexi
696 3167 873 3233 Sincecheh
906 3167 1100 3254 colloquium
1132 3188 1205 3231 cum
1261 3167 1433 3234 uibusdam

313 3254 513 3402 principibus
536 3263 568 3318 et
594 3253 803 3338 primoribusi
825 3261 929 3318 terrae
951 3251 1037 3316 illius
1058 3251 1180 3316 habuit.
1279 3253 1325 3317 ie
1340 3252 1434 3318 Colo-

203 3358 258 3408 Apr.
269 3357 303 3398 21.
313 3339 415 3404 nien‘si
440 3361 478 3402 us
494 3339 646 3403 invitatus
667 3337 702 3400 in
716 3339 828 3422 vigilia
842 3335 1000 3423 paschae⁸
1017 3335 1185 3402 Coloniam
1199 3337 1297 3420 venit,
1313 3347 1435 3402 etcum

314 3425 456 3488 maximo
478 3421 598 3486 bonore
620 3431 651 3486 et
670 3421 779 3486 favore
801 3431 867 3485 tam
888 3443 908 3484 a
922 3419 1007 3484 clero
1052 3441 1126 3483 uam
1142 3442 1162 3484 a
1176 3430 1292 3486 cuncto
1313 3420 1434 3507 populo

316 3509 500 3593 suscipitur.
545 3506 609 3587 Qui
632 3506 727 3570 etiam
749 3505 795 3570 ibi
817 3527 875 3591 per
896 3506 916 3569 9
939 3504 1007 3569 dies
1030 3443 1224 3586 demoratus,
1257 3527 1366 3570 omnes
1388 3506 1435 3569 in-

314 3594 437 3658 iustasl
461 3591 647 3655 exactiones
668 3588 875 3675 vectigalium
904 3600 936 3655 et
964 3589 1097 3653 iniustas
1120 3599 1264 3654 monetas
1285 3588 1435 3654 abiurare

314 3679 360 3742 etl
418 3697 508 3740 ecem
540 3673 667 3738 firmam
696 3674 839 3739 stabilire
868 3683 901 3737 et
924 3673 1030 3738 iurare
1081 3695 1153 3738 rece
1178 3674 1213 3743 it.

430 3758 523 3823 odem
535 3779 618 3822 enno
629 3757 694 3821 duo
706 3756 894 3838 cardinales,
906 3757 1003 3841 Hugo
1015 3695 1137 3823 scillcet
1145 3696 1305 3822 (letiensis
1313 3759 1437 3843 episco-

316 3941 338 3991 s)
355 3931 441 3980 ibidem
458 3940 502 3979 01.
593 3936 616 3989 b)
632 3939 735 3978 vocabulo
757 3949 827 3985 nuso,
849 3949 908 3982 man.
923 3949 941 3980 r.
957 3938 1005 3978 XV.
1023 3939 1069 3979 etue
1092 3941 1137 3980 loce
1158 3950 1235 3980 noma
1251 3924 1437 3980 Lendacrdn

315 4000 421 4048 supplevit
441 3999 494 4048 131,
520 3997 634 4049 Gymnlch
659 3998 728 4038 rubro
756 3999 826 4039 colore
853 3999 877 4038 in
906 3999 951 4038 loco
979 4009 1048 4038 vocuo
1070 4000 1141 4049 suppl.
1169 3999 1226 4048 Bs,·
1251 3997 1369 4049 Gymmith
1393 4000 1436 4041 01.

316 4056 337 4109 c)
355 4061 454 4098 castrum
469 4057 645 4098 Lantzkron
662 4057 765 4097 vocabule
781 4068 844 4096 eraso
859 4068 926 4097 manu
941 4069 959 4098 e.
974 4056 1023 4100 XV.
1039 4059 1142 4108 scriptum
1157 4056 1207 4103 Ba.
1252 4057 1276 4108 d)
1292 4059 1438 4100 Brunesvlch

317 4118 391 4160 (11.3,
438 4115 460 4168 o)
478 4129 497 4158 c.
513 4116 604 4156 incole
620 4117 745 4157 sevidisse
761 4117 917 4157 testanturB.
963 4115 1116 4166 odominice
1132 4118 1233 4158 lueet.
1281 4116 1306 4167 ς)
1321 4118 1378 4157 desse
1395 4119 1437 4161 01.

316 4175 340 4228 h)
357 4175 472 4226 sinceres
489 4177 537 4225 013
554 4175 668 4224 sinsegen
684 4176 727 4216 02.
789 4173 807 4226 t)
823 4177 940 4226 primoriin
957 4175 1004 4216 Bl.
1067 4174 1092 4226 k)
1106 4178 1205 4217 iniustas
1222 4181 1297 4218 exact.
1314 4177 1398 4226 vectis.
1416 4180 1441 4217 et

315 4236 359 4276 dee.
375 4237 409 4277 02
478 4233 494 4287 l)
513 4240 536 4276 et
551 4245 633 4285 pscem
649 4235 665 4276 1.
683 4238 711 4275 st.
727 4238 750 4275 et
764 4236 843 4276 iurare
858 4235 902 4276 des.
920 4236 965 4276 01.

319 4384 346 4453 1)
365 4385 454 4439 Hodie
472 4385 643 4439 Lundstroo.
719 4383 748 4452 2)
770 4383 901 4437 Oonrado.
976 4381 1007 4452 a)
1027 4383 1068 4452 Cf.
1087 4393 1177 4437 ootam
1196 4401 1282 4451 snpra
1297 4403 1328 4452 p.
1341 4386 1403 4437 181.
