3098 4982
215 373 405 428 CHRONICA
423 373 537 426 nacla
557 373 810 426 COLONIENSIS.
830 375 933 426 CONT.
944 376 977 426 V.
997 378 1030 429 A.
1042 376 1123 428 1249.
1190 377 1243 428 297

125 564 142 606 e
170 543 348 627 iscopatum
372 540 521 606 dominus
566 561 630 626 apa
651 539 787 606 contulit
800 541 964 627 preposito
980 541 1185 610 Coloniensi¹
1203 543 1244 610 de

95 679 97 682 .
122 563 259 690 blerana.
293 624 407 690 Olenus
422 634 530 690 autem
543 562 771 707 l'raiectensis,
794 625 967 691 accedente
988 626 1098 692 favore
1120 627 1242 714 populi,

123 706 219 794 clegit
235 710 391 774 decanum
408 708 654 774 coloniensem¹
670 707 711 773 de
725 709 962 792 Randinrode⁸,
977 721 1081 776 castra
1095 722 1128 778 et
1142 713 1243 776 muni-

121 795 224 859 tiones
257 792 457 891 episcopales
494 791 599 858 eidem
634 793 843 878 assignantes.
898 794 999 860 Cuius
1034 794 1242 862 dissensionis

120 877 309 942 materiam
331 879 421 942 curia
443 877 566 941 domini
587 877 692 962 papel‘
715 875 960 943 ventilabatur³.

209 962 336 1025 Interea
364 960 514 1025 dominus
545 981 642 1046 papa,
665 969 702 1024 ut
733 961 861 1026 devotio
894 961 1039 1027 fidelium
1072 965 1107 1027 in
1141 985 1177 1029 re
1224 985 1243 1028 ο

119 1043 332 1110 Alemannie⁰
355 1045 459 1130 magis
480 1046 661 1131 proliceret,
686 1065 750 1129 quo
772 1068 807 1110 se
826 1067 887 1161 per
901 1044 1043 1131 legatum
1064 985 1242 1134 aposwgrcre

119 1128 206 1193 sedis
239 1129 390 1193 continue
423 1130 577 1194 sentirent
609 1129 781 1211 confoveri,
812 1131 962 1195 bonrado
995 1132 1196 1217 archiepisco
1222 1152 1241 1195 ο

122 1211 315 1295 Coloniensi,
337 1214 472 1276 scientia
486 1212 622 1300 predito,
644 1233 770 1276 morum
786 1213 950 1280 honestate
965 1214 1094 1298 decoro,
1117 1237 1194 1280 cons
1220 1215 1243 1278 'i

120 1297 303 1361 maturitate
317 1295 474 1382 preclaro,
497 1299 581 1362 sicut
601 1298 634 1360 in
655 1295 769 1362 litteris
786 1301 871 1362 suisc
887 1301 1057 1383 expressit,
1081 1301 1242 1364 commisit

120 1379 289 1466 legationis
310 1380 450 1445 officium
466 1404 525 1468 per
539 1390 641 1444 toturn
657 1403 792 1466 regnum
803 1380 970 1447 Alcmanie
985 1384 1210 1470 exequendum
1218 1392 1242 1448 ⁴.

120 1463 246 1530 Eodem
268 1487 354 1529 anno
375 1465 463 1530 idem
493 1465 755 1551 archiepiscopus
781 1467 961 1530 iniunctum
981 1465 1152 1553 legationis
1174 1466 1243 1531 offi-

121 1550 206 1613 cium
222 1571 396 1635 exequens,
419 1571 478 1614 nec
494 1551 599 1613 minus
619 1571 659 1613 ne
683 1550 756 1614 otiis
771 1551 864 1634 regni
886 1551 1043 1636 sagaciter
1064 1550 1243 1634 intendens,

122 1654 197 1697 cum
218 1633 390 1718 magnifico
419 1632 573 1714 militum,
604 1573 775 1698 satdlitum
803 1644 835 1698 et
863 1645 1058 1698 armatorum
1084 1645 1243 1722 apparatu

121 1716 164 1780 ad
185 1739 218 1782 re
243 1740 294 1783 em
315 1718 507 1804 processit&
541 1716 686 1783 similiter
707 1717 826 1782 electus
848 1717 1056 1784 Leodiensis⁵
1080 1741 1152 1783 cum
1176 1719 1242 1784 suis

123 1741 335 1886 speeidibuse
357 1801 497 1867 advenit.
542 1800 733 1868 Ooadunato
756 1809 886 1865 autem⁰
914 1805 1059 1869 exercitu
1080 1805 1243 1868 fautorum

121 1905 260 1967 suorum,
283 1884 475 1951 Wilhelmus
497 1908 556 1950 rex
570 1907 683 1951 versus
706 1886 861 1972 oppidum
881 1885 1124 1953 Frankenvort‘
1139 1898 1243 1953 castra

120 1971 231 2050 movit,
265 1981 394 2035 vastans
424 1972 458 2033 in
487 1971 540 2034 via
568 1979 693 2054 segetes
721 1981 753 2034 et
785 1978 903 2034 terram
932 1992 1063 2035 suornm
1092 1971 1242 2038 adversa·

121 2053 252 2118 riorum.
294 2055 380 2140 Ipsis
403 2076 481 2119 vero
508 2075 527 2117 a
550 2053 841 2140 propinquantibus
869 2053 1111 2137 Frankenvort,
1140 2056 1242 2145 [exer-

121 2137 238 2228 citusssl
262 2138 385 2203 invadit
403 2138 509 2203 villam
526 2077 791 2204 dassenhments
814 2139 1052 2225 quodammodo
1073 2140 1243 2222 munitam,

119 2243 178 2307 per
199 2244 297 2308 quam
317 2231 407 2322 patet
435 2223 543 2286 aditus
571 2221 613 2287 ad
642 2233 774 2308 pontem
796 2221 1029 2288 Frankenvort.
1091 2223 1135 2288 Et
1162 2221 1242 2288 bali-

120 2306 240 2370 stariisi
265 2329 352 2392 regis
373 2309 572 2372 incessanter
593 2307 853 2372 incumbentibus
876 2307 1021 2372 eiusdem
1039 2305 1113 2372 ville
1135 2307 1242 2372 defen-

119 2388 256 2474 soribus,
273 2392 457 2456 defensores
471 2391 610 2476 fugiunt,
634 2389 827 2477 castelloque
843 2393 963 2476 superl
976 2400 1108 2477 pontem
1120 2392 1241 2478 posito¹

118 2473 254 2558 firmato,
276 2477 311 2539 in
333 2477 489 2562 oppidum
511 2475 736 2541 Frankenvort
760 2497 794 2540 se
816 2475 986 2561 recipiunt.
1041 2476 1112 2540 Rex
1133 2484 1241 2540 autem

119 2569 292 2641 revertens,
324 2582 482 2624 succensa
513 2559 588 2624 villa
611 2560 869 2644 Sassenhusenl,
902 2559 1118 2642 considerans,
1154 2558 1241 2646 quod

119 2641 202 2707 ultra
222 2642 427 2728 procedendo
454 2645 515 2708 hac
537 2645 608 2710 vice
637 2646 743 2709 minus
771 2654 882 2730 posset
934 2644 1076 2725 reficere,
1108 2643 1240 2730 expedi-

119 2727 240 2791 tionem
261 2725 366 2809 solvit,
388 2728 421 2790 in
442 2729 585 2792 terminis
607 2728 818 2814 Mognntinim
842 2739 874 2794 et
924 2729 1095 2794 revirensis
1117 2729 1240 2816 episco-

118 2821 253 2896 patuum
276 2833 335 2896 per
354 2809 530 2896 plurimosn
552 2811 620 2876 dies
641 2812 772 2912 degens.
815 2813 975 2880 Reversus
1002 2824 1109 2878 autem
1138 2813 1240 2878 archi-

119 2895 291 3044 episcopus
328 2893 547 2977 Ooloniensis,
585 2897 794 2962 munitronem
830 2897 950 2962 dictam
986 2896 1239 2962 Rimirsheim⁰·⁷

119 2999 137 3041 ο
162 2978 244 3042 sidet
266 2987 297 3043 et
318 2978 462 3044 destruit.

201 3061 328 3126 Eodem
357 3085 442 3126 anno
470 3085 529 3128 rex
556 3061 713 3128 Castelle⁸
744 3061 933 3146 Sybiliamr,
968 3086 1030 3149 que
1060 3064 1238 3150 Hyspalisr

121 3144 197 3212 olim
220 3145 396 3228 dicebatur,
424 3146 582 3211 famosam
613 3156 645 3210 et
665 3145 807 3231 amplam
830 3148 993 3211 civitatem
1022 3146 1123 3212 cultui
1145 3149 1238 3212 Sara

120 3243 290 3295 cenorumr
320 3231 471 3307 deditam,
502 3253 561 3329 per
588 3252 707 3294 novem
734 3251 835 3294 annos
862 3230 1037 3312 obsessam,
1068 3231 1239 3295 victoriose

120 3315 209 3402 capit
228 3316 334 3402 ipsam
356 3316 536 3380 christianis
581 3312 752 3401 epulando.

203 3400 219 3462 l
219 3421 279 3486 pso
291 3401 387 3465 etiam
398 3422 482 3466 anno
492 3337 695 3464 rexl'rancie
704 3399 904 3484 aLymocio³
917 3398 1045 3464 civitate
1052 3397 1153 3484 Cypri
1165 3419 1239 3462 eum

119 3616 142 3668 a)
159 3617 283 3657 &sderad
298 3619 346 3659 Μ.
393 3615 417 3669 b)
434 3618 568 3663 enomere
583 3619 634 3657 ns.
680 3613 701 3667 c)
716 3619 771 3657 deest
787 3617 835 3658 Dt.
881 3615 904 3668 d)
920 3616 1025 3665 procedit
1040 3617 1089 3656 Da.
1136 3612 1158 3666 e)
1174 3626 1238 3666 spee-

113 3675 197 3716 ,tabtlis
220 3677 269 3716 Dl.
344 3674 532 3727 OFranehtordt
544 3683 595 3726 post
609 3676 747 3717 Francbfort
762 3677 816 3726 ⁰23
833 3675 991 3715 Franckevort
1006 3677 1047 3715 Dr
1068 3677 1108 3715 loe
1122 3676 1175 3722 loco,
1188 3681 1238 3725 post

117 3733 294 3774 Franckenvort
312 3740 331 3774 st
347 3735 516 3775 Frankensort.
569 3738 594 3785 g)
609 3736 723 3776 deestDI.
768 3734 793 3787 h)
810 3734 1044 3777 snssennausenna.
1089 3733 1106 3786 1)
1123 3735 1238 3774 basilissa·

118 3793 245 3832 munus.
275 3792 406 3842 nauum.
437 3793 454 3844 l)
471 3796 629 3844 positurum.
662 3793 694 3846 m)
710 3795 870 3843 moguntinos.
887 3798 909 3835 et
925 3793 1117 3835 Treverorum.
1147 3792 1172 3845 n)
1188 3795 1238 3834 dtas

119 3851 151 3901 pl.
167 3851 217 3891 Μ.
264 3850 287 3903 ο)
303 3852 417 3892 Rtmtrsch
433 3854 670 3900 D13Betmershclm
686 3854 735 3895 M.
782 3851 806 3904 p)
823 3852 926 3894 suillam
942 3854 990 3894 Dr.
1027 3850 1053 3905 q)
1068 3853 1172 3903 Hispalis
1187 3854 1238 3898 Dr.

119 3907 140 3961 r)
156 3907 267 3950 Saracen.
283 3911 335 3959 D13
351 3910 486 3952 sarracenis
503 3913 550 3954 Bt.
619 3915 639 3964 s)
655 3912 758 3953 Lunecio
774 3913 823 3954 ΗΞ.

121 4080 149 4147 1)
168 4080 296 4134 Herrrico.
371 4085 399 4148 2)
419 4083 579 4137 Goswiaum.
667 4084 697 4152 3)
716 4084 831 4137 Prorsus
861 4084 920 4136 alia
950 4094 1046 4136 aanor
1073 4085 1159 4149 Belca,
1191 4103 1236 4152 cp.

118 4155 242 4218 Rodmer,
268 4155 366 4207 Fontes
385 4157 427 4222 II,
457 4158 519 4210 440.
559 4158 585 4211 0.
661 4157 691 4224 4)
719 4158 747 4210 V.
777 4158 878 4210 litteras
904 4157 1053 4210 Innocentis·
1076 4175 1169 4224 papae
1192 4176 1236 4224 ap.

117 4228 229 4292 Beluae,
244 4228 353 4281 Miscell.
373 4231 413 4282 ed.
429 4231 521 4282 Mami
533 4231 558 4296 I,
573 4233 635 4284 226.
657 4230 683 4284 0.
722 4234 752 4298 ὅ)
766 4231 899 4284 Herse-icus
912 4232 971 4284 III.
991 4229 1024 4283 A.
1064 4229 1093 4296 6)
1107 4231 1238 4283 duchesn-

118 4301 228 4353 dausen.
260 4301 292 4353 A.
370 4305 399 4369 7)
419 4304 448 4356 V.
468 4304 535 4370 dipl.
550 4304 667 4357 Oonradi
686 4305 742 4357 dat.
762 4305 789 4357 d.
802 4307 844 4360 13.
863 4323 897 4357 m.
911 4303 980 4372 Aug.
1000 4321 1045 4370 ap.
1059 4303 1237 4370 Rymeadeim,

118 4392 163 4440 ap.
182 4375 332 4428 Lacomblet
350 4377 392 4445 ΙΙ,
408 4395 440 4444 p.
463 4379 524 4430 185.
558 4377 585 4432 0.
661 4378 690 4444 8)
709 4377 904 4431 Ferdirsandur
923 4378 982 4430 III.
1014 4378 1047 4429 A.
