3098 4982
299 416 353 466 322
575 412 761 465 DIALOGUS
783 409 933 463 OLERICI
950 411 999 461 ΕΤ
1017 409 1127 462 Lstcl.

137 617 289 671 mm,
301 582 476 670 decipiunt.
518 579 577 644 Isti
598 587 681 661 sunt,
698 575 870 661 dequibus
892 576 1011 640 veritas
1032 575 1124 641 dicit:
1155 577 1293 643 leniunt
1308 578 1354 642 ed
1369 599 1431 642 vos

301 671 339 732 ia
373 665 512 731 vestibus
544 667 662 744 ovium,
695 663 894 726 intrinsecus
928 671 1034 726 autern
1066 671 1142 724 aaut
1171 661 1246 747 lapi
1273 683 1431 746 rapaces.

303 749 475 833 Quomodo
507 758 615 813 autem
642 746 706 832 ipsi
738 746 861 809 ratione
889 766 948 809 vos
978 743 1107 825 ducant,
1136 746 1235 809 immo
1286 745 1431 810 uomodo

303 835 468 916 seducant,
484 833 560 896 satis
575 840 710 918 apparet
724 831 758 892 in
772 829 973 916 depositione
988 828 1113 893 abbatis
1127 828 1212 894 illius
1229 828 1269 895 dc
1316 840 1392 896 onte
1402 842 1431 912 ¹3

304 921 360 1006 qui
375 918 416 983 de
431 915 573 1016 generali
588 913 724 980 concilio
740 923 819 977 suo'
834 912 929 979 rediit
942 913 1114 978 destitutus
1129 923 1263 1000 propter
1277 936 1430 994 errorem,

304 1025 401 1090 quem
435 1009 518 1066 inter
549 1022 609 1064 vos
645 1000 867 1080 seminaverat,
901 1006 933 1062 et
963 999 1253 1082 prevaricationem
1284 997 1431 1063 mandati

302 1083 471 1173 apostolici
504 1106 602 1171 super
633 1082 812 1163 interdicto,
846 1081 933 1168 quod
964 1079 1102 1168 predicti
1142 1082 1266 1147 iudices
1306 1081 1431 1148 servari

303 1192 399 1258 prece
425 1177 524 1250 erant,
547 1167 705 1253 quorumb
727 1165 950 1231 auctoritatem
972 1186 1032 1230 vos
1052 1164 1172 1230 nullam
1194 1168 1359 1252 reputatis.

415 1254 513 1317 aicus.
565 1251 599 1317 si
627 1272 687 1315 vos
714 1251 872 1314 iusticiam
902 1249 1073 1315 defenditis
1101 1263 1133 1315 et
1159 1264 1238 1316 nos⁶
1266 1273 1336 1315 eam
1368 1252 1430 1314 im-

303 1359 496 1425 pugnamus,
519 1335 547 1399 si
569 1357 668 1400 causa
689 1345 797 1399 vestra
817 1334 891 1399 Deo
912 1332 1019 1420 placet
1040 1343 1072 1400 et
1092 1344 1201 1400 nostra
1219 1333 1376 1422 displicet,
1401 1335 1449 1399 si.

303 1443 362 1486 vos
384 1431 538 1506 tanquam
560 1416 729 1484 Machabei
751 1440 811 1504 pro
833 1418 904 1504 lege
927 1418 991 1482 Dei
1014 1419 1105 1484 statis
1127 1427 1159 1485 et
1185 1441 1245 1483 nos
1273 1429 1430 1506 tanquam

280 1527 283 1532 ·
304 1505 411 1569 Lisias
434 1516 466 1568 et
488 1503 627 1590 Gorgias
649 1524 721 1566 eam
741 1504 980 1602 persequimur:
1002 1524 1061 1567 eur
1081 1526 1141 1568 nos
1157 1513 1343 1589 peccatores
1358 1501 1431 1568 ubi-

307 1611 371 1675 que
393 1609 623 1674 prosperamur
645 1596 677 1652 et
697 1608 755 1651 vos
777 1588 855 1652 iust1
877 1586 1039 1652 deficitis?
1061 1586 1138 1670 Cur,
1160 1588 1355 1675 ubicumque
1377 1610 1430 1652 ca-

305 1681 364 1760 put
385 1672 427 1736 ad
449 1671 633 1737 bellandum
650 1673 807 1752 exseritis,
821 1672 922 1736 vestri
935 1670 1105 1737 bellatores
1119 1673 1154 1736 in
1169 1695 1283 1737 manus
1301 1683 1431 1738 nostras

303 1755 498 1821 raduntur?
520 1756 587 1820 Vos
611 1755 765 1840 suffragia
785 1763 968 1819 sanctorum
989 1755 1180 1844 imploratis,
1200 1778 1259 1821 vos
1273 1766 1432 1843 patronos

304 1841 450 1928 portatis,
471 1861 530 1904 vos
553 1862 647 1904 aures
669 1838 782 1926 populi
805 1838 924 1904 crebris
946 1839 1221 1926 predicationibus
1240 1840 1432 1922 obtruditis,

305 1934 337 1990 et
365 1924 505 2010 dampna
532 1935 639 1989 vestra
673 1922 927 2010 multiplicantur
957 1933 990 1988 et
1017 1934 1178 1990 crescunt:
1212 1936 1309 2013 puto,
1340 1925 1431 2014 quod

305 2029 371 2074 non
391 2008 474 2156 iusde
495 2008 655 2090 iudicatis,
676 2006 735 2072 filii
754 2008 931 2090 hominum,
952 2030 1011 2073 vos
1032 2011 1134 2075 iustos
1157 2020 1195 2075 et¹
1210 2032 1269 2075 nos
1292 2011 1432 2076 iniustos

304 2117 338 2159 re
363 2100 441 2157 utan
465 2113 495 2158 o.

339 2115 361 2179 p
393 2176 546 2242 Clericus.
595 2175 797 2260 Augustinus
822 2177 857 2240 in
907 2185 999 2241 uarto
1025 2175 1107 2243 libro
1137 2177 1177 2242 de
1206 2179 1336 2244 civitate
1363 2179 1431 2245 Dei

306 2262 405 2327 dicit:
428 2262 496 2325 Hee
519 2269 565 2325 est
593 2262 772 2325 communis
803 2199 935 2345 querlle
959 2265 1103 2328 omarum
1124 2264 1295 2346 iustorum,
1347 2287 1433 2330 aare

289 2347 403 2414 melis
430 2355 558 2409 tanturn
587 2343 701 2426 liceat,·
724 2353 756 2408 et
787 2354 901 2430 postea
922 2344 1045 2410 subdit:
1072 2344 1167 2421 Quod
1188 2349 1285 2412 iustis
1301 2286 1345 2413 ad
1364 2351 1430 2414 ini-

307 2433 382 2517 quis
405 2431 548 2494 dominis
569 2430 752 2514 irrepatur,
776 2451 842 2495 aon
865 2439 1018 2514 ratperta
1040 2433 1201 2512 criminis,
1216 2434 1274 2498 sed
1292 2454 1430 2498 accesere

306 2517 449 2583 rimatis.
481 2512 604 2576 Verum
627 2521 684 2592 est,
706 2522 797 2576 actus
819 2513 919 2577 vestri
933 2535 1103 2599 prosperos
1117 2513 1237 2580 babent
1251 2537 1431 2599 successus,

307 2610 339 2663 et
360 2598 433 2663 ideo
455 2595 549 2660 nobis
570 2594 740 2660 insultatis.
782 2597 854 2662 Rex
874 2596 1055 2663 Antiochus
1077 2599 1178 2664 iustus
1200 2621 1265 2664 non
1292 2610 1371 2681 erat,
1397 2612 1432 2667 et

306 2693 414 2748 tamen
435 2681 646 2766 prosperitate
667 2677 784 2743 floruit.
820 2678 880 2745 Iob
895 2680 1032 2746 iniustus
1045 2705 1110 2747 non
1125 2693 1203 2767 erat,
1220 2695 1253 2750 et
1266 2683 1431 2772 flagellum

305 2787 421 2851 passus
443 2773 500 2829 est.
533 2760 644 2844 Attila,
667 2764 724 2849 qui
746 2773 814 2828 erat
834 2763 994 2850 flagellum
1007 2766 1080 2848 Dei,
1103 2769 1198 2833 sicuti
1216 2778 1320 2834 etvos
1342 2770 1432 2853 estis,

305 2847 522 2935 inpugnandis
549 2844 683 2911 urbibus
713 2855 745 2912 et
773 2847 971 2915 debellandis
997 2851 1136 2950 populis,
1169 2851 1232 2917 leto
1262 2852 1434 2919 fruebatur

307 2942 433 3013 eventu,
461 2941 494 2998 et
521 2940 630 2996 tamen
656 2930 784 2996 tandem
815 2934 909 2998 datus
931 2943 981 2999 est
1000 2957 1034 2998 ιιι
1054 2957 1169 3000 manus
1191 2937 1264 3002 Enii
1314 2938 1433 3004 atricii.

306 3016 451 3082 Iulianus
479 3023 625 3114 apostata
652 3037 848 3102 persequens
876 3017 996 3101 fideles,
1018 3020 1149 3086 tandem
1175 2957 1359 3108 compubus
1382 3033 1437 3090 est

307 3097 431 3166 dicere:
454 3100 589 3182 ‘Vreisti,
610 3099 800 3165 Nazarene'l
823 3101 911 3182 Quid
933 3102 1093 3187 exultatis,
1120 3107 1240 3187 miseri,
1268 3106 1346 3192 quid
1374 3129 1432 3172 ex-

306 3182 416 3251 tollitis
439 3185 473 3249 in
494 3184 595 3249 altum
617 3205 718 3248 cornu
738 3185 903 3250 vestrum?
926 3184 962 3251 Si
983 3189 1077 3253 vobis
1099 3188 1141 3253 ad
1155 3198 1283 3277 tempus
1300 3191 1432 3259 fortuna

305 3267 477 3350 blanditur,
499 3290 606 3332 nonne
629 3289 705 3333 ceca
726 3269 797 3332 est?
818 3291 925 3335 nonne
947 3270 1036 3336 sedet
1062 3273 1096 3336 in
1124 3274 1219 3339 rota?
1252 3273 1325 3340 Oito
1354 3296 1434 3340 con·

306 3355 451 3436 vertitur,
467 3353 531 3417 cito
553 3352 594 3416 ad
616 3353 682 3416 ima
703 3352 813 3436 trahit,
836 3362 868 3418 et
889 3355 1011 3419 aunam
1033 3377 1096 3420 non
1119 3357 1160 3423 ad
1175 3359 1344 3458 abyssum!
1367 3359 1432 3426 Re-

307 3437 373 3502 dite
404 3437 446 3502 ad
474 3457 539 3518 cor,
567 3437 763 3502 revertimini
791 3436 834 3502 ad
861 3439 961 3505 ubera
982 3441 1093 3505 matris
1115 3442 1258 3526 ecclesie,
1282 3465 1343 3542 que
1364 3442 1434 3510 leto

305 3520 405 3602 vultu,
435 3522 462 3585 si
490 3520 594 3585 redire
621 3518 796 3602 volueritis,
828 3543 885 3586 vos
914 3523 1076 3622 suscipiet,
1105 3526 1182 3611 quia
1203 3527 1358 3612 gaudrum
1380 3537 1436 3594 est

307 3604 430 3704 angelis
450 3605 516 3669 Dei
538 3626 637 3690 super
657 3623 721 3668 uno
743 3615 913 3691 peccatore
935 3609 1145 3693 pemtentiam
1167 3621 1293 3695 agente.
1325 3612 1433 3694 Deus,

329 3711 364 3754 ιιι
385 3687 544 3754 illuminat
565 3709 692 3752 omnem
714 3687 877 3757 hominem
898 3693 1081 3757 venientem
1102 3694 1137 3756 in
1158 3692 1244 3759 hunc
1259 3695 1433 3780 mundum,

306 3773 317 3835 i
341 3795 359 3838 e
380 3795 440 3838 vos
461 3771 619 3838 illuminet
639 3781 671 3836 et
692 3771 814 3838 auferat
834 3773 980 3840 velamen
1004 3776 1044 3842 de
1066 3776 1217 3843 cordibus
1238 3781 1362 3863 vestris,
1392 3790 1437 3847 ut

306 3856 476 3921 nobiseum
497 3854 630 3920 valeatis
651 3855 761 3948 videre
782 3859 927 3922 rectum!
951 3859 1047 3940 Quod
1068 3863 1137 3949 ipse
1160 3872 1304 3950 prestare
1318 3864 1436 3951 digne·

306 3950 359 4005 tur
381 3941 437 4026 qui
458 3961 532 4004 cum
554 3941 649 4005 Patre
672 3951 704 4006 et
726 3940 859 4027 Spiritu,
882 3943 939 4029 qui
959 3944 1041 4009 vivit
1062 3959 1094 4011 et
1114 3955 1228 4032 regnat
1248 3947 1301 4011 dl.
1385 3969 1386 3974 ¹

307 4101 331 4156 a)
348 4103 728 4146 vocabaluademevtdeturoffleio
741 4106 859 4150 calcatis.
890 4106 915 4161 b)
925 4118 1022 4158 quarum
1035 4121 1053 4151 e.
1086 4108 1190 4161 e)none.
1221 4109 1387 4158 dldeustdixl
1402 4112 1437 4157 Β.

309 4233 338 4304 1)
358 4235 519 4307 Alteaber93
538 4237 573 4303 es.
598 4236 779 4290 Waltelmaaa
799 4240 817 4292 l.
837 4241 853 4294 l.
868 4258 901 4306 p.
920 4243 973 4292 899
992 4259 1021 4294 a.

774 4416 958 4426 ——-
