3126 4976
233 407 421 461 OHRONIOA
440 408 552 460 anam
572 406 825 463 OOLONIENSIS.
845 412 948 464 CONT.
968 413 1000 466 A.
1014 415 1092 467 1180.
1106 416 1186 470 1181.
1231 420 1282 470 131

553 581 719 635 Recensio
740 583 764 634 1.
785 592 816 636 et
834 585 880 640 II.

157 649 304 714 mittitur.
345 651 460 736 Ibique
481 648 679 798 lantgqavius
710 651 836 736 capitur
857 673 931 717 cum
977 654 1101 720 luribus
1126 667 1158 722 et
1178 670 1282 725 eusto-

156 733 230 798 diae
259 734 469 820 mancipatur.
596 757 641 798 ux
667 732 892 800 Polonioruml
922 677 1076 804 adversus
1107 753 1283 828 nepotem²

157 840 251 882 suum
263 816 438 882 auxilium⁰
450 819 651 902 imperatoris
662 819 848 904 impetrans,
860 821 971 887 decem
983 823 1072 887 milia
1082 830 1283 892 marcarumb

157 903 260 966 cesari
281 903 448 987 promittit.
489 902 634 966 Nunnius
655 901 772 968 soltani
791 906 877 989 regis
892 908 1062 972 Persarum
1077 908 1140 973 illic
1155 911 1282 996 aderat3

157 986 216 1051 sed
252 986 342 1050 cuius
378 987 447 1051 rei⁰
481 987 585 1071 gratia
619 989 752 1071 venerit,
788 989 874 1054 latet.
959 990 1166 1059 Colonienses
1196 996 1283 1061 circa

156 1091 266 1134 muros
286 1068 451 1136 elaborant
471 1070 638 1136 fossatum.

497 1159 661 1212 Recenaio
681 1160 705 1211 Ι.
726 1162 818 1216 codd.
838 1164 897 1215 Aa
938 1205 944 1218 .

466 1226 562 1316 [30³¹]
606 1227 702 1292 Anno
724 1229 858 1293 Domini
881 1231 972 1296 1181.

243 1311 424 1397 Imperator
444 1312 550 1378 natale
572 1313 706 1376 Domini
728 1311 946 1401 Wirceburge
969 1315 1118 1386 celebrat.
1185 1353 1191 1363 ·

241 1394 400 1460 Emanuel
427 1418 486 1460 rex
510 1397 647 1461 Greciae
669 1396 750 1462 obiit
758 1407 781 1462 ³.
825 1399 947 1464 Ferunt
971 1397 1066 1464 huius
1092 1424 1280 1488 germanum

154 1477 378 1543 Andronicum
401 1482 540 1562 nomine,
562 1481 676 1544 Tureis
704 1483 871 1565 sociatum,
899 1484 933 1546 in
960 1486 1187 1568 paganismum
1213 1486 1281 1574 lap-

155 1584 238 1644 sum,
270 1564 327 1628 sed
350 1564 478 1629 hortatu
498 1564 605 1629 fratris
636 1565 678 1629 ad
704 1565 968 1631 christianitatem
998 1568 1120 1634 redisse
1148 1579 1180 1634 et
1206 1582 1282 1656 post

154 1646 279 1712 obitum
300 1647 416 1734 prefati
429 1649 516 1734 regis
533 1670 670 1734 regnum
685 1650 853 1728 invasisse,
874 1651 977 1715 filiurn
992 1653 1060 1716 eius
1074 1655 1250 1738 peremisse
1257 1666 1281 1739 ⁴,

153 1752 289 1796 uxorem
311 1732 455 1796 eiusdem
475 1731 533 1797 filii
560 1733 666 1798 fratris
695 1735 746 1798 sui
755 1746 777 1816 ⁵,
805 1733 903 1798 filiam
925 1735 1047 1801 scilicet
1074 1738 1159 1823 regis
1180 1738 1280 1803 Fran-

156 1815 235 1897 ciae,
258 1813 321 1880 sibi
343 1815 522 1900 copulasse.

237 1899 384 1965 Deinder
418 1900 676 1987 conspirantibus
708 1899 880 1965 adversum
908 1924 942 1966 se
972 1904 1167 1989 primoribus
1196 1906 1277 1971 Con·

155 1983 447 2069 stantinopolitanis
495 2007 569 2049 cum
606 1984 747 2071 quodam
784 1985 944 2050 Ysaehioa
987 1989 1131 2072 nomine,
1181 2012 1278 2075 quem

153 2067 240 2132 idem
269 2067 475 2133 Andronicus
506 2090 621 2134 necare
652 2067 806 2151 voluerat,
843 2091 942 2155 regno
974 2071 1095 2136 eiectus
1127 2081 1159 2136 et
1191 2075 1279 2162 turpi

154 2161 258 2217 morte
280 2160 311 2217 et
332 2154 400 2217 vita
419 2154 594 2239 privatur⁶⁸

518 2259 689 2314 Recensio
710 2260 751 2311 11.
770 2261 864 2313 codd.
884 2261 918 2314 B.

532 2329 628 2392 Anno
650 2328 784 2393 Domini
808 2330 898 2392 1181.

237 2417 387 2485 Imperator
407 2446 440 2456 -
461 2446 496 2456 -
516 2420 657 2487 copulasse
677 2439 711 2461 =
731 2417 857 2470 Recensio
877 2418 902 2470 Ι.

238 2484 380 2570 Imperio
411 2485 520 2572 itaque
552 2509 614 2586 per
642 2485 787 2550 fraudem
819 2485 948 2570 adepto,
968 2506 1124 2654 Ιξὶιιοιεφιθ
1152 2487 1276 2554 nobiles

155 2569 211 2654 qui
233 2579 323 2634 erant
344 2569 384 2634 de
406 2571 526 2656 semine
547 2592 636 2669 regro
659 2569 942 2656 comprehendens,
1004 2592 1126 2635 urnnos
1149 2573 1276 2657 occidit,

155 2653 312 2737 quosdam
345 2653 487 2719 menbris
519 2654 687 2736 mutilavit,
722 2664 754 2719 et
785 2654 831 2718 sic
860 2652 960 2717 multa
991 2653 1076 2718 mala
1106 2655 1142 2719 in
1173 2678 1276 2742 regno

155 2736 319 2822 operando
364 2760 399 2802 er
420 2736 462 2802 ali
486 2747 543 2802 uot
563 2760 663 2803 annos
678 2736 850 2803 crudeliter
869 2749 900 2802 et
913 2740 1080 2823 tyrannice
1095 2740 1274 2826 imperavit.

155 2819 304 2902 Quadam
356 2822 383 2885 'e
405 2760 686 2908 nyclrromanticos
709 2833 740 2887 et
761 2821 950 2907 astrologos,
983 2845 1119 2908 quonrm
1142 2824 1276 2889 consilio

154 2927 283 2990 semper
303 2903 463 2988 utebatur,
485 2906 582 2971 adse
605 2906 793 2989 accersiens,
816 2904 978 2970 consuluit
999 2907 1140 2990 eosdem,
1162 2907 1274 2974 volens

152 3011 213 3138 per
244 3010 298 3053 eos
332 2988 483 3075 ediscere,
539 3001 637 3056 uanto
669 3000 814 3077 tempore
846 3011 980 3076 regnare
1012 2989 1064 3056 vel
1097 2990 1185 3076 quali
1211 2993 1275 3057 fine

177 3071 287 3138 eberet
314 3073 479 3140 decedere.
518 3011 588 3155 lini
615 3097 674 3172 per
701 3075 938 3139 invocationem
960 3073 1133 3138 demonum
1156 3075 1273 3152 edocti,

154 3158 254 3222 tercia
277 3156 328 3221 die
351 3158 392 3222 ad
414 3181 489 3223 eum
510 3181 632 3223 reversr
654 3167 738 3239 sunt,
760 3158 917 3222 dicentes:
940 3156 1006 3222 ‘Sic
1021 3167 1053 3223 et
1075 3158 1123 3222 sic
1144 3157 1200 3223 illa
1221 3159 1274 3226 die

154 3241 309 3323 morieris,
332 3253 364 3308 et
384 3265 405 3306 a
426 3241 565 3328 quodam
588 3242 675 3308 Sach
695 3241 915 3306 interficieris'.
956 3241 1011 3305 Ex
1038 3263 1175 3326 quorum
1196 3265 1274 3307 mox

153 3326 261 3391 verbis
288 3327 484 3425 perterritus,
513 3326 670 3412 quosdam
692 3324 803 3390 fideles
825 3325 887 3391 sibi
908 3325 1057 3406 invitans,
1081 3326 1272 3409 sciscitatur,

154 3410 182 3474 si
203 3408 320 3495 aliqurs
342 3411 375 3474 in
397 3411 528 3475 civitate
551 3410 590 3476 de
612 3409 733 3475 semine
754 3410 843 3493 regio
865 3417 1027 3493 superstes
1042 3409 1171 3474 nomine
1188 3408 1274 3474 Sach

153 3503 341 3559 moraretur.
411 3493 463 3558 Illi
499 3504 607 3560 autern
645 3493 830 3579 diligentius
870 3513 1000 3556 causam
1032 3492 1273 3577 investigantes,

152 3579 314 3642 neminem
335 3579 464 3644 nomine
487 3579 582 3662 Sacb,
604 3577 661 3644 sed
677 3576 837 3666 quendam
858 3577 990 3662 Tyrsac,
1009 3576 1113 3640 virum
1134 3577 1274 3662 probum

154 3670 186 3727 et
219 3661 344 3745 fortem,
380 3663 415 3726 in
443 3665 570 3730 civitate
602 3665 693 3748 regia
726 3660 872 3726 habitare
903 3658 1052 3725 fatentur.
1095 3659 1190 3742 Quod
1220 3659 1273 3727 ille

156 3746 300 3828 audiens,
337 3768 476 3833 precone
509 3748 613 3813 accito
644 3745 781 3812 eundem
818 3745 881 3811 sibi
914 3745 1091 3830 presentari
1120 3766 1214 3831 prece
1238 3746 1272 3810 it

156 3829 221 3910 Qui
253 3852 331 3895 mox
364 3829 572 3897 adeundam
598 3832 739 3913 veniens,
771 3828 923 3894 mandata
951 3851 986 3893 re
1010 3829 1036 3891 ‘s
1065 3827 1170 3912 edicit.
1255 3853 1273 3896 e

155 3923 262 3978 autem
298 3915 479 4013 nequiciam
516 3915 646 4001 tyranni
677 3912 867 4000 intelligens,
904 3851 1028 3978 occelli
1062 3912 1095 3975 in
1128 3911 1273 3978 conclavi

155 3999 253 4063 armis
268 3997 422 4081 indurtur,
445 4010 477 4066 et
497 4000 543 4064 sic
559 4020 643 4086 equo
664 4020 795 4064 ascenso
818 4020 891 4061 cum
914 3995 1028 4062 eodem
1049 3996 1091 4060 ad
1112 3995 1272 4082 palacium

155 4121 178 4175 a)
195 4127 218 4164 et
233 4124 284 4165 add.
302 4125 345 4166 01.
394 4122 419 4175 b)
437 4135 456 4164 c.
471 4135 501 4167 m.
518 4125 546 4169 B.
562 4127 584 4167 0.
630 4123 652 4177 c)
668 4126 723 4165 deest
739 4125 780 4165 01.
822 4121 845 4174 d)
862 4123 897 4164 31.
913 4124 958 4173 013
974 4124 1029 4163 deest
1045 4123 1086 4165 02.
1132 4121 1272 4175 qwsmo.

155 4183 212 4232 Δὶς
234 4182 372 4225 wirceburc
388 4183 430 4226 01.
446 4185 466 4224 2.
556 4181 623 4233 001
639 4185 700 4224 addit
721 4185 798 4224 veroa:
819 4182 881 4232 quod
901 4183 927 4222 in
948 4183 993 4223 hac
1012 4182 1100 4223 soeculi
1120 4183 1153 4222 acl
1174 4182 1273 4223 saeculi.
1379 4234 1385 4246 ι

156 4240 179 4294 g)
195 4243 289 4283 Vesatlo
305 4241 359 4293 Δὶς
371 4247 423 4293 post
437 4254 495 4284 corr.
511 4243 639 4294 'l'yrsaohio
656 4243 700 4284 02.

157 4336 184 4401 l)
204 4337 312 4390 Miseco.
364 4337 394 4406 2)
413 4338 629 4404 immofratrem.
677 4337 706 4405 3)
725 4335 804 4388 Anno
824 4334 904 4399 1180,
923 4333 995 4401 Sept.
1042 4333 1073 4401 4)
1091 4332 1169 4386 Anno
1191 4335 1271 4386 1183.

155 4411 185 4477 b)
204 4412 320 4464 Annam.
381 4412 411 4480 6)
429 4411 507 4464 Anno
529 4412 610 4465 1185.

996 4493 1041 4558 9*
