3122 4978
195 383 516 439 OHRONICAREGIA
536 366 788 440 conoruniisls
810 389 911 440 CONT.
924 389 978 440 ΙΙΙ.
997 391 1030 441 Α.
1042 388 1121 440 taio.
1135 360 1213 442 1211.
1246 389 1298 440 231

589 563 756 617 Recensio
777 563 801 616 I.
823 571 853 615 et
871 563 914 615 II.

178 649 295 714 ducere
317 671 381 713 non
403 658 550 735 poterant
572 651 646 736 igne
669 659 857 718 cremantes,
887 650 998 734 Ipsum
1014 651 1109 716 etiam
1131 651 1164 714 in
1185 651 1298 715 firmis-

180 735 260 798 simo
284 742 315 798 et
335 733 489 798 altissimo
506 745 609 800 castro
630 739 759 798 nomine
771 735 916 799 Termis¹
941 756 1014 798 cum
1034 734 1208 820 Rutgsror,
1231 733 1296 800 filio

180 819 297 882 sororis
321 818 446 883 comitis
459 817 568 882 Sancti
580 819 632 904 Eg
656 819 711 900 dii,
726 817 826 882 milite
841 817 1054 903 pulcherrimo
1077 829 1109 883 et
1130 819 1296 902 ditissime,

180 902 386 984 obsederunt;
409 902 465 967 ubi
488 905 584 967 etiam
613 842 697 967 idem
719 904 881 987 Rutgerus
903 903 1019 987 sagitta
1040 903 1160 968 interiit
1168 916 1191 970 ².
1222 905 1297 990 Ipse

178 997 284 1051 autem
307 986 509 1069 Remundus,
532 1011 605 1052 cum
632 1010 690 1074 per
720 989 740 1052 5
769 987 837 1051 dies
866 986 985 1051 ibidem
1015 985 1229 1072 obsideretur,
1266 999 1298 1053 et

178 1071 309 1137 cottidie
330 1071 450 1157 populo
473 1095 507 1136 se
528 1080 719 1138 monstraret
740 1093 869 1135 auream
890 1070 1012 1135 habens
1040 1072 1074 1135 in
1097 1074 1201 1158 capite
1229 1095 1297 1137 cas·
1370 1141 1375 1144 ,

178 1155 291 1238 sidem,
321 1167 428 1221 tamen
455 1157 603 1222 diffidens
633 1156 671 1220 de
701 1156 850 1219 firmitate
880 1156 985 1237 castri,
1015 1166 1110 1221 nocte
1132 1178 1205 1220 cum
1237 1157 1296 1222 100

178 1241 274 1304 sociis
297 1240 419 1306 occulte
441 1241 646 1321 descendens,
668 1241 701 1304 in
717 1261 829 1304 manus
844 1240 887 1303 40
908 1240 1159 1326 peregrinorum,
1183 1243 1237 1326 qui
1254 1243 1297 1305 ad

175 1323 337 1410 quendam
358 1324 479 1390 fontem
500 1337 611 1411 potare
633 1325 674 1389 de
696 1325 807 1388 castris
835 1324 948 1404 ierant,
976 1324 1103 1406 incidit3
1132 1346 1151 1386 a
1179 1325 1296 1410 quibus

175 1431 250 1474 cum
273 1410 421 1476 omnibus
444 1411 510 1474 suis
538 1410 671 1495 capitur.
733 1407 797 1473 Sed
824 1429 898 1471 cum
927 1407 1083 1472 infinitam
1112 1410 1295 1494 pecuniam,

175 1515 216 1559 ne
238 1494 272 1558 in
293 1517 407 1558 manus
429 1494 700 1558 Theutonicorum
722 1492 908 1575 traderetur,
931 1493 1141 1577 promitteret,
1161 1515 1227 1558 non
1241 1493 1296 1559 ad-

175 1579 378 1666 quieverunt,
418 1578 475 1644 sed
511 1579 686 1664 capitaneis
722 1577 880 1642 exercitus
915 1598 987 1640 eum
1021 1584 1295 1662 presentaverunt

175 1665 207 1726 A
229 1663 345 1749 quibus
368 1673 462 1726 curna
489 1663 530 1726 ad
558 1661 654 1728 fidem
681 1672 802 1726 rectam
829 1660 933 1725 redire
959 1659 1149 1743 hortaretur,
1178 1670 1210 1726 et
1230 1685 1296 1727 non

173 1747 405 1834 adquiesceret,
426 1748 707 1812 incarceraverunt
729 1767 819 1826 eum,
840 1744 896 1809 ubi
917 1753 950 1808 et
968 1754 1113 1809 mortuus
1134 1755 1190 1810 est.
1235 1746 1297 1813 Oa-

174 1841 277 1897 strum
299 1833 395 1897 etiarn
418 1832 580 1917 capientes
603 1839 634 1895 et
648 1828 796 1894 incendio
812 1828 1021 1910 destruentes,
1043 1851 1179 1894 uxorem
1201 1829 1295 1895 simul

174 1917 244 1981 eius
267 1938 341 1980 cum
370 1937 478 1980 sorore
498 1915 600 2000 ipsius
622 1925 653 1980 et
674 1913 739 1977 filia
760 1915 828 1978 eius
851 1913 973 1997 virgine
996 1921 1027 1976 et
1048 1913 1118 1976 aliis
1132 1912 1294 1980 nobilibus

167 2011 337 2087 ceperunt.
376 2001 468 2081 Quae
484 1998 561 2062 dum
577 2020 636 2062 nec
651 1996 818 2062 blandiciis
840 2018 899 2062 nec
914 1997 1008 2060 minis
1023 1996 1139 2061 molliri
1153 2010 1293 2083 possent,

171 2095 209 2149 ut
243 2084 354 2150 relicto
391 2105 497 2148 errore
526 2083 567 2147 ad
596 2082 738 2147 veritatis
767 2083 926 2146 tramitem
958 2080 1108 2165 redirent,
1137 2081 1292 2148 instructo

172 2170 294 2257 ingenti
316 2189 405 2254 rogo,
428 2189 537 2233 omnes
560 2175 718 2232 crematae
740 2174 823 2231 sunt.
1171 2190 1173 2194 ¹

356 2254 470 2317 Annus
492 2253 522 2316 4.
545 2251 703 2337 imperiii.
740 2249 834 2314 Anno
857 2249 990 2314 Domini
1014 2250 1104 2313 1211.

259 2338 336 2404 Otto
359 2339 532 2423 imperator
557 2336 720 2422 prosperis
750 2343 842 2399 utens
872 2333 1083 2416 successibus,
1106 2343 1206 2400 totam
1228 2332 1290 2416 sibi

173 2422 353 2509 Apuleam⁰
386 2431 418 2486 et
450 2419 632 2486 Calabriam
664 2419 816 2500 subiecit,
848 2418 994 2483 civitates
1027 2420 1060 2482 in
1096 2417 1291 2483 deditionem

171 2508 309 2593 accepit,
337 2517 441 2571 castra
465 2504 618 2570 militibus
647 2506 713 2569 suis
740 2503 907 2568 muniviti.
958 2501 1009 2567 lbi
1040 2503 1135 2567 etiam
1159 2502 1289 2589 quidam

173 2592 335 2678 principes
365 2588 493 2656 Siciliae
521 2611 594 2653 cum
623 2589 818 2670 Sarracenis,
846 2586 903 2672 qui
931 2585 1104 2652 fortissima
1131 2597 1234 2652 castra
1254 2590 1289 2652 in

171 2676 332 2740 montanis
353 2675 513 2756 tenebant,
534 2696 607 2738 eum
624 2675 804 2756 invitantes,
819 2682 918 2737 totam
934 2671 1077 2736 Siciliam
1092 2673 1160 2737 eius
1177 2671 1290 2736 ditioni

168 2758 372 2824 subdendam
394 2757 631 2844 promittebant.
729 2757 804 2843 Ipso
830 2778 914 2821 anno
941 2755 1110 2821 multitudo
1135 2755 1293 2822 nobilium

172 2845 395 2930 superiorum*
423 2843 562 2928 partium
590 2851 622 2906 et
653 2840 892 2906 innumerabilis
919 2841 1014 2906 turba
1039 2863 1081 2905 ex
1112 2840 1230 2906 Suevia
1260 2850 1292 2907 et

172 2927 364 2994 Alemannia
385 2926 427 2991 ad
441 2927 603 3012 Begginos
618 2927 733 2990 iterum
747 2924 899 3011 profecta,
914 2923 1069 3010 plurimas
1091 2927 1237 2990 civitates
1260 2937 1292 2991 et
1396 2979 1399 2987 .

172 3011 323 3079 castellae
347 3021 501 3098 ceperunt
514 3022 546 3075 et
560 3030 709 3094 magnam
724 3008 960 3073 multitudinem
981 3007 1128 3074 illorumf
1140 3009 1290 3075 incendio

172 3106 206 3162 et
231 3097 403 3182 suspendio
424 3104 629 3175 necaverunt,
640 3092 837 3243 pTolosami
859 3094 956 3157 etiam
982 3093 1143 3158 civitatem
1164 3115 1290 3157 rursum

172 3180 377 3246 obsederunt.
414 3179 479 3246 Sed
499 3201 573 3243 curn
594 3179 638 3244 ibi
663 3200 714 3242 em
733 3177 832 3242 nichil
848 3179 1048 3263 proficerent,
1068 3177 1289 3266 recesseruntl,

172 3274 290 3331 terram
303 3287 399 3352 quam
412 3264 605 3349 subegerant
615 3263 724 3329 comiti
736 3261 871 3348 Symoni
883 3261 922 3326 de
930 3260 1126 3325 Monte-sorti
1138 3261 1289 3325 tuendam

172 3350 441 3415 commendantes.
472 3349 580 3437 [Poste
591 3371 728 3436 quorum
743 3367 903 3412 recessum
913 3345 1103 3410 Tolosenses
1118 3367 1193 3407 cum
1208 3354 1289 3408 cete-

171 3434 216 3497 ris
236 3434 390 3520 Begginis
409 3433 641 3498 Massamutum
662 3455 773 3518 regem
786 3429 979 3496 Marrochhr
1001 3437 1155 3516 petentes,
1178 3437 1290 3494 contra

239 3597 267 3664 *)
288 3615 320 3650 ex
339 3597 451 3648 diversis
471 3597 590 3664 pertibus
611 3614 670 3649 cnm
690 3597 768 3648 turba
786 3596 975 3648 innumerabili
994 3595 1028 3646 ad
1048 3595 1083 3648 B.

170 3759 196 3814 a)
213 3763 267 3802 dum
283 3764 329 3803 111.
395 3762 418 3815 b)
435 3764 456 3804 4.
472 3775 528 3804 cerr.
547 3762 581 3803 14.
598 3764 651 3812 B1;
667 3763 744 3802 derum
759 3762 802 3802 02.
863 3759 884 3814 c)
900 3761 1011 3812 Apuliam
1027 3763 1067 3805 02.
1134 3761 1157 3813 d)
1174 3762 1288 3803 militibus

170 3823 268 3862 intravit
284 3822 327 3862 01.
389 3821 411 3873 e>
428 3827 503 3863 castra
519 3823 565 3864 Bi.
625 3822 739 3873 neotum
755 3821 803 3863 Bt.
865 3819 888 3872 ς)
905 3822 947 3864 dea.
963 3823 991 3864 B.
1049 3820 1074 3875 h)
1090 3822 1193 3874 Myrrcth
1210 3822 1252 3864 01.

174 3989 202 4057 1)
221 3991 311 4043 Hodie
338 3989 449 4057 Termes,
475 3993 544 4046 inter
569 3991 749 4044 Gareaaeoaac
775 4000 798 4044 ct
817 3991 963 4044 Narbonae
983 3992 1019 4042 ad
1043 3991 1177 4044 meridiem
1199 3991 1288 4047 ritum.

170 4066 202 4130 2)
213 4066 274 4116 Iam
294 4083 319 4116 a.
341 4065 420 4117 1208.
442 4065 639 4119 Ocreaeeoaaac
665 4073 758 4132 captas
783 4073 807 4116 et
825 4073 944 4116 mortuae
964 4072 1029 4118 erat.
1080 4066 1156 4116 Haec
1175 4074 1199 4117 et
1217 4083 1287 4131 quae

168 4146 319 4206 aequantur
336 4137 424 4190 minas
442 4149 509 4192 recte
529 4139 639 4200 tradite,
657 4156 699 4191 res
719 4157 743 4191 a.
765 4139 845 4192 1210.
859 4143 882 4189 et
898 4138 976 4190 1211.
997 4141 1123 4205 confusae
1142 4147 1211 4190 suat.
1230 4139 1287 4191 PL.

170 4210 202 4278 3)
221 4212 264 4264 De
288 4230 347 4280 repe
372 4213 544 4266 Multammcd
568 4230 651 4265 somno
678 4220 723 4274 eet,
745 4213 791 4278 qui
811 4229 835 4262 a.
859 4213 939 4264 1211.
968 4212 1133 4279 Hispaniam
1160 4211 1288 4274 iata-amir

169 4286 206 4350 cs.
221 4303 341 4352 suprap.
353 4286 414 4338 188.
443 4288 593 4340 Marramat
603 4303 697 4339 aomea
710 4303 764 4338 carc
781 4285 865 4354 qratia
875 4286 1041 4348 Barbaricas,
1055 4282 1156 4337 monuit
1165 4284 1287 4336 Plataer.
