2988 5058
238 325 388 378 OLIVERI
404 324 562 376 RELATIO
582 324 632 376 DE
653 322 900 377 EXPEDITIONE
921 325 1134 378 DAMIATINA.
1216 325 1269 376 327

146 490 380 578 aTemplariis
404 492 552 558 edificata
581 501 614 556 et
634 515 783 579 possessa
815 503 880 558 tarn
907 515 1029 577 gwerre
1062 515 1158 579 quam
1186 502 1352 562 trau-mis.

146 599 261 664 garum
290 588 444 661 tempore.
499 577 578 641 Fuit
604 587 711 642 autem
738 577 872 641 fundata
900 586 1031 663 propter
1061 576 1267 658 latrunculos,

147 663 204 761 qui
225 664 259 726 in
281 661 334 725 via
356 661 465 726 stricta
485 663 663 746 peregrinis
685 660 931 726 ascendentibus
952 661 987 723 in
1008 659 1204 727 Iherusalem
1222 663 1269 726 in-

145 744 353 811 s1diabantur.
397 745 532 830 Propter
555 745 638 810 hano
660 767 789 810 eausam
811 745 1021 812 ‘Distriotum'
1049 746 1110 810 fuit
1129 744 1270 833 appella-

121 839 224 903 tum.
271 830 369 892 Porro
399 836 466 893 toto
495 828 561 894 fere
589 839 821 916 temporeque
845 828 1269 910 Cesariensecastrumhr-

146 914 304 982 mavimus
335 921 367 976 et
381 955 382 960 κ
396 915 688 979 consummavimus
711 912 888 1000 Templarii
918 936 960 977 ex
985 912 1121 978 adverso
1151 916 1270 978 montis

146 997 303 1062 fodientes
325 998 515 1082 magnisque
539 998 721 1083 sumptibus
741 997 933 1079 laborantes,
956 997 1087 1062 tandem
1102 996 1143 1063 ad
1157 997 1269 1062 funda·

146 1091 288 1147 mentum
304 1082 444 1166 primum
459 1091 683 1166 pervenerunt.
706 1082 771 1147 Ubi
786 1104 896 1146 murus
913 1082 1083 1167 antiquus³
1095 1091 1126 1146 et
1148 1084 1269 1167 spissus

145 1176 178 1230 et
200 1165 314 1249 longus
337 1167 496 1250 apparuit.
540 1165 676 1252 Argenti
698 1167 801 1231 eciam
822 1175 951 1230 moneta
972 1165 1136 1231 modernis
1159 1169 1270 1252 ignota

145 1251 180 1313 in
201 1272 278 1314 vase
299 1249 389 1314 fictili
410 1273 475 1314 non
498 1249 625 1315 modica
645 1252 777 1314 inventa
799 1259 856 1314 est.
903 1249 1031 1314 Deinde
1059 1251 1092 1312 in
1118 1251 1270 1315 anteriori

169 1342 237 1399 arte
258 1334 425 1416 fodientes,
458 1332 556 1397 alium
586 1357 712 1398 murum
742 1335 841 1420 priori
870 1334 1051 1399 breviorem
1078 1335 1269 1398 invenimus

145 1356 355 1482 iostmodum
385 1418 488 1483 fontes
518 1420 537 1482 9
565 1418 670 1505 largas
707 1440 806 1504 aquas
834 1417 1030 1482 effundentes
1058 1419 1163 1504 aperti
1186 1428 1269 1482 sunt.

144 1501 271 1567 Ibidem
282 1505 385 1566 eciam
406 1501 551 1588 lapidum
574 1512 606 1567 et
628 1503 765 1568 cementi
788 1503 915 1588 copiam
930 1501 1091 1566 Dominus
1112 1503 1270 1584 ministra·

145 1585 202 1650 vit.
245 1587 330 1650 Ante
351 1587 493 1652 fontemb
517 1588 613 1650 castri
634 1588 697 1652 due
718 1598 823 1651 turres
839 1586 1029 1650 edificantur
1044 1586 1084 1650 de
1105 1584 1136 1649 la
1160 1585 1269 1651 idibus

147 1669 278 1755 quadris
293 1680 380 1735 tante
397 1672 594 1755 quantitatis,
616 1680 652 1734 ut
673 1668 754 1757 lapis
777 1692 859 1733 unus
881 1671 940 1734 vix
960 1691 980 1732 a
995 1669 1120 1733 duobus
1138 1609 1269 1736 bubalis

145 1756 180 1816 in
202 1774 299 1816 curru
320 1753 473 1818 trahatur.
516 1753 701 1838 Longitudo
724 1755 820 1818 turris
843 1762 969 1818 centum
993 1753 1093 1837 pedes
1120 1754 1216 1819 habet
1239 1763 1270 1818 et

146 1835 293 1922 amplius,
315 1835 451 1901 latitudo
474 1839 676 1924 septuaginta
698 1847 845 1924 quatuor.
888 1837 1033 1936 Utraque
1061 1839 1158 1901 turris
1188 1838 1268 1902 duas

146 1919 278 1986 habebit
299 1921 485 2004 testudines,
508 1921 685 1985 secundum
708 1943 787 2007 quas
809 1919 942 1985 altitudo
958 1921 1149 2007 disponitur.
1181 1922 1270 1986 lnter

146 2014 316 2091 utramque
344 2007 456 2070 turrim
485 2026 597 2069 murus
624 2027 727 2069 novus
756 2014 1017 2069 consummatusc
1049 2011 1105 2086 est,
1134 2016 1165 2070 et
1186 2009 1268 2071 miro

146 2089 282 2176 artificio
305 2090 429 2175 equites
452 2090 568 2153 armati
588 2089 763 2154 ascendere
784 2098 920 2174 possunt
941 2097 984 2153 et'
994 2087 1190 2154 descendere
1211 2113 1270 2175 per

146 2173 267 2258 gradus
297 2174 498 2239 intrinsecus.
547 2173 654 2237 Huius
682 2174 801 2237 edificii
830 2173 934 2258 prima
960 2181 1008 2236 est
1029 2171 1159 2254 utilitas,
1182 2173 1269 2259 quod

145 2267 323 2323 conventus
345 2257 603 2343 Templariorum
630 2257 817 2322 educendus
846 2258 886 2321 de
914 2258 1095 2341 peccatrice
1121 2267 1153 2322 et
1183 2259 1270 2322 omni

146 2343 303 2429 spurcitia
329 2341 425 2428 plena
453 2343 582 2406 civitate
609 2343 702 2406 Aeon
737 2343 770 2404 in
792 2341 887 2405 huius
916 2341 1011 2405 castri
1032 2340 1174 2427 presidio
1203 2363 1269 2405 ma-

145 2428 238 2492 nebit
267 2449 368 2513 usque
399 2425 441 2491 ad
467 2425 688 2491 liberationem
717 2427 827 2489 matris
849 2424 925 2490 fidei
947 2424 1155 2490 Iberusalem.
1201 2425 1269 2490 Sol-

146 2511 249 2574 danus
272 2533 346 2575 cum
368 2509 571 2575 multitudine
589 2511 836 2575 Sarracenorum
851 2509 913 2574 hoc
933 2519 1074 2573 castrum
1088 2508 1268 2595 agrediens,

147 2603 184 2657 ut
204 2596 301 2658 inicia
323 2597 535 2660 munitionum
558 2595 736 2660 destrueret
755 2594 808 2658 vel
829 2603 1012 2679 occuparet,
1034 2595 1151 2659 virtute
1173 2592 1270 2658 Altis-

147 2678 221 2741 simi
242 2679 387 2762 repulsus
408 2681 550 2743 recessit.
595 2678 745 2744 Castrum
772 2678 833 2742 boc
862 2678 981 2743 bonum
1005 2677 1103 2743 habet
1153 2687 1268 2759 ortum,

146 2763 302 2848 piscariis,
325 2761 444 2844 salinis,
466 2761 572 2847 lignis,
595 2765 723 2848 pascuis
746 2775 777 2827 et
798 2764 885 2847 agris
906 2761 1062 2828 fertilibus
1091 2701 1268 2844 habundat,

147 2869 207 2911 nec
235 2855 283 2910 est
311 2845 447 2909 multum
467 2855 625 2910 remotum
647 2871 667 2911 a
688 2857 796 2921 monte
817 2847 957 2912 Thabor.
1010 2847 1106 2912 Unde
1129 2847 1270 2912 creditur

146 2929 286 3016 quedam
301 2951 400 2994 causa
420 2930 520 2994 fuisse
534 2931 759 2995 destructionis
781 2933 877 2995 castri
888 2931 1019 2996 Thabor
1040 2931 1080 2996 ab
1103 2931 1183 3016 ipsis
1196 2931 1268 2996 Sar·

146 3014 271 3078 racenis
292 3012 384 3094 facte,
408 3014 484 3099 quia
504 3036 565 3079 nec
588 3015 745 3078 seminare
767 3036 827 3078 neo
847 3022 966 3079 metere
988 3037 1099 3079 secure
1121 3023 1269 3100 poterant

147 3107 278 3184 propter
298 3096 493 3162 habitatores
515 3099 612 3162 castri
633 3097 690 3161 filii
712 3097 786 3162 Dei.

231 3183 261 3246 b.
290 3181 394 3246 Anno·
407 3183 510 3266 gratie
545 3182 665 3262 121711,
688 3189 859 3266 postquam
882 3203 1044 3268 coggones
1067 3181 1107 3244 acl
1138 3191 1267 3266 portum
1279 3203 1347 3244 rus.

147 3266 351 3331 Aeontanum
378 3288 398 3329 a
422 3264 618 3352 plicuerrmt,
649 3267 717 3330 sine
747 3266 862 3350 quibus
890 3286 955 3328 non
984 3262 1178 3349 expediebat
1212 3288 1268 3330 ex-

145 3353 283 3416 ercitum
320 3289 467 3415 navalem
504 3351 537 3413 in
566 3350 722 3434 Egiptum
758 3350 904 3434 dirigere,
936 3371 995 3412 rex
1024 3355 1057 3412 et
1087 3346 1269 3432 patriarcha

144 3457 222 3498 curn
252 3436 334 3500 duce
365 3435 493 3499 Austris
526 3454 563 3498 ao
591 3433 783 3520 Templariis
814 3442 845 3498 et
874 3429 1099 3519 Hospitalariis
1134 3431 1268 3496 consilio

149 3519 289 3604 Spiritus
312 3519 437 3601 Sancti,
455 3519 542 3583 sicut
564 3518 713 3597 creditur,
736 3516 975 3603 expeditionem
996 3524 1163 3597 voverunt,
1185 3517 1268 3579 iura·

146 3611 254 3666 mento
278 3602 502 3667 confirmantes
525 3603 670 3667 eandem.
702 3601 797 3666 Unde
818 3600 946 3682 accidit,
969 3609 1005 3664 ut
1026 3601 1060 3662 in
1081 3601 1267 3664 ascensione

146 3685 290 3766 Domini,
314 3686 441 3773 quando
463 3707 561 3750 naves
582 3686 708 3772 ingredi
729 3685 890 3751 debebant
910 3684 1015 3765 iurati,
1038 3707 1080 3748 ex
1106 3685 1379 3768 insperatonaara

145 3771 263 3856 viginti
283 3780 347 3835 tres
370 3792 530 3855 coggones
553 3771 784 3856 subsequentes
806 3768 1014 3856 applicarent.
1070 3769 1170 3832 Porro
1194 3790 1268 3832 curn

143 3852 259 3918 classis
289 3855 495 3939 congregatio
525 3852 612 3939 apud
639 3854 818 3940 predictum
848 3862 987 3918 castrum
1015 3851 1135 3915 indicta
1156 3851 1269 3917 fuisset

147 3947 178 4002 et
205 3939 342 4003 maiores
371 3937 475 4002 locum
506 3947 538 4002 et
559 3938 644 4002 diem
668 3938 884 4018 observarent,
908 3936 1019 4002 classis
1046 3937 1117 4021 ipsa
1140 3935 1267 4001 Christo

142 4021 230 4087 duee
252 4025 414 4108 prosperis
435 4023 540 4086 ventis
562 4044 622 4086 usa
643 4023 829 4087 Damiatam
849 4021 932 4086 infra
952 4021 1092 4085 triduum
1111 4019 1269 4107 applicuit

141 4117 179 4172 et
198 4107 321 4194 absque
351 4106 594 4172 christianorum
625 4107 788 4192 sanguinis
817 4107 953 4192 inpensa
974 4115 1092 4170 terram
1118 4103 1269 4169 hostilem

141 4271 170 4326 a)
187 4271 279 4320 antique
294 4283 313 4312 a
372 4270 397 4323 b)
415 4271 514 4311 frontem
531 4240 597 4310 an
639 4269 661 4322 c)
678 4274 825 4311 consumatus
840 4281 858 4312 e.
919 4267 942 4321 d)
962 4269 1025 4310 tais.
1042 4268 1089 4308 Eae.
