3102 4978
263 1341 419 1445 Colonia,
439 1364 680 1449 florentissima
706 1365 767 1429 illa
796 1365 982 1450 metropolis
1006 1367 1052 1432 acl
1071 1367 1222 1430 Rhenum
1245 1367 1298 1430 in·

164 1449 332 1536 seriorem
355 1451 430 1529 sita,
454 1471 538 1533 quae
561 1449 693 1513 saeculo
714 1449 790 1514 XII.
814 1459 843 1514 et
864 1449 958 1514 XIII.
981 1451 1018 1514 in
1039 1451 1134 1516 rebus
1153 1449 1298 1534 publicis

175 1539 274 1622 regini
298 1533 492 1598 Germanici
508 1535 642 1617 primas
662 1533 739 1617 fere
760 1543 878 1618 portes
907 1535 1033 1620 aqobat,
1063 1537 1158 1599 cuiu's
1187 1535 1296 1599 archi-

175 1621 325 1705 episcopi
347 1617 393 1682 acl
407 1617 496 1682 latus
516 1617 609 1682 morlo
633 1621 882 1704 Imperatorum,
903 1619 995 1684 modo
1011 1642 1086 1683 vero
1109 1628 1223 1683 contra
1246 1641 1298 1683 eos

176 1726 335 1768 summam
359 1703 584 1766 auctoritatem
606 1703 669 1767 sibi
690 1703 915 1784 vindicabant,
946 1707 1041 1768 cuius
1064 1705 1148 1768 cives
1170 1704 1298 1768 divitiis

176 1789 373 1854 excellebant
400 1795 428 1849 et
455 1786 551 1871 lonae
581 1787 671 1850 ultra
707 1789 841 1871 imperii
864 1785 952 1868 fines
985 1788 1094 1873 ylario
1119 1786 1296 1873 pollebant,

177 1875 275 1938 etiam
297 1873 336 1937 dc
358 1871 498 1934 historia
528 1873 598 1934 eins
626 1873 780 1956 temporis
807 1872 923 1956 optime
946 1873 1063 1936 merita
1084 1881 1137 1936 est.
1181 1871 1296 1936 Fride·

177 1957 285 2024 riciI.
306 1954 515 2040 temporibus,
538 1955 616 2018 dum
631 1955 824 2020 Ruinalclus
846 1957 1115 2042 archiepiscopus
1137 1979 1298 2020 summam

176 2045 228 2109 rei
243 2041 400 2141 publicae
417 2059 532 2102 curam
546 2041 686 2124 gerebat,
710 2063 791 2124 opus
808 2049 953 2124 coeptum
974 2049 1029 2121 est,
1052 2063 1121 2126 quo.
1136 2062 1189 2104 res
1209 2040 1298 2104 domi

176 2125 378 2209 militiaeque
401 2145 422 2186 a
437 2123 569 2207 reyibus
585 2121 785 2209 praesertim
802 2133 910 2210 qestae
932 2124 1151 2188 traderentur.
1198 2122 1296 2188 Chro-

178 2212 273 2274 nicae
309 2209 422 2293 reciae
460 2208 599 2288 nomine,
637 2231 701 2294 quo
740 2210 808 2272 iam
845 2208 974 2272 saeculo
1011 2207 1066 2272 XI.
1102 2207 1297 2272 Lantbertns

180 2295 358 2360 Tulliensis
390 2291 551 2356 eiusmodi
588 2293 760 2357 historiam
794 2292 1041 2377 significabat&
1078 2294 1159 2378 ipse
1182 2300 1297 2356 auctor

177 2401 259 2443 usus
280 2387 326 2442 est
333 2387 355 2457 ²,
378 2399 479 2460 neque
501 2375 665 2456 habemus,
688 2399 748 2440 cur
762 2400 797 2442 eo
812 2377 927 2442 reiecto
944 2377 1046 2441 alium
1062 2375 1297 2440 substituamus

177 2462 326 2528 titulum³
349 2459 551 2543 (Annalium
576 2458 817 2526 Coloniensium
837 2463 1085 2543 manimorum),
1110 2461 1168 2546 qui
1183 2461 1297 2544 partis

174 2547 294 2634 praeci
319 2566 383 2608 uae
405 2545 524 2609 eclitom‘
546 2543 627 2627 (SS.
643 2545 758 2625 XVII)
775 2544 917 2629 placuit.

292 2651 359 2714 pus
381 2651 466 2708 uero,
490 2628 578 2714 quod
600 2652 690 2693 nuno
708 2628 842 2712 plenius
864 2653 963 2716 quam
985 2639 1083 2693 antea
1098 2629 1295 2708 exhibemus,

177 2717 273 2781 cuius
299 2721 412 2798 partes
440 2713 477 2776 in
500 2713 640 2777 diuersis
661 2735 802 2799 mannae
829 2723 959 2779 nostrae
986 2714 1183 2778 collectionis
1204 2711 1299 2777 tomis
1373 2721 1375 2725 ’

176 2799 278 2864 lucem
286 2798 450 2879 ciderunt,
461 2818 563 2882 neque
572 2820 640 2862 uno
649 2807 788 2882 tempore
800 2820 902 2882 neque
913 2797 1166 2864 eoolemcousilio
1177 2797 1297 2882 etpari

176 2905 329 2948 successa
345 2890 389 2944 est
404 2889 587 2964 susceptum
609 2890 637 2946 et
660 2883 705 2946 acl
720 2882 824 2964 finem
845 2883 1027 2956 deductam,
1049 2892 1077 2945 et
1099 2903 1296 2967 quamquam

176 2965 358 3051 complures
381 2967 452 3030 eius
474 2966 599 3030 codices
620 2969 773 3050 temporis
792 2967 986 3031 iniuriame
1012 2975 1163 3052 afferunt,
1187 2963 1297 3028 nullus
1373 2989 1377 2998 ¹

177 3059 284 3116 tamen
313 3049 433 3113 librum
468 3050 633 3135 inteqrum
664 3059 694 3113 et
720 3052 900 3136 yenuinum
937 3073 976 3115 en
999 3050 1071 3114 ibet.
1129 3049 1194 3113 Hic
1222 3067 1296 3113 cero

177 3137 276 3200 etiam
304 3135 420 3198 uarias
453 3133 564 3196 inoluit
582 3134 735 3216 formas,
769 3157 910 3218 quarum
936 3136 1097 3199 rationem
1126 3142 1155 3198 et
1176 3155 1296 3196 aenum

177 3228 215 3284 ut
243 3220 499 3304 perspiciamus,
524 3218 671 3302 primum
701 3219 826 3282 coelicos
856 3223 1045 3304 superstites
1071 3239 1295 3282 recenseamus

177 3312 337 3476 oporlll'l.
389 3384 497 3451 Coelen
531 3384 738 3450 bibliothecae
774 3387 899 3450 comitis
936 3387 974 3450 cle
1002 3384 1295 3465 Ashburnham,

177 3471 274 3535 Libri
301 3493 353 3532 nr.
377 3469 469 3549 1586,
502 3471 630 3534 membr.
660 3494 686 3535 s.
709 3468 785 3535 XII.
815 3491 865 3534 en.
898 3470 948 3534 nel
976 3469 1068 3533 XIII.
1102 3469 1171 3532 in*
1204 3467 1295 3532 Folio

172 3556 285 3641 primo
300 3575 419 3617 manus
434 3555 558 3617 sueaX
564 3555 595 3618 V.
606 3577 657 3623 eu.
676 3557 850 3620 annotavit
866 3554 960 3618 haec:
982 3553 1048 3618 Isto
1063 3551 1143 3618 liber
1158 3551 1297 3638 pertinet

179 3715 207 3784 1)
234 3715 263 3767 V.
276 3715 411 3768 Heriberti
429 3733 449 3766 c.
470 3717 496 3778 4,
516 3714 565 3768 SS.
580 3716 633 3780 IV,
647 3735 679 3784 p.
694 3719 762 3770 742:
782 3719 911 3782 Quotiens
932 3734 991 3768 cum
1012 3719 1172 3784 imperatore
1183 3717 1297 3767 Romam

176 3791 239 3842 ierit
258 3796 285 3840 et
304 3791 413 3840 redierit
432 3795 515 3856 utque
535 3797 663 3855 augustus
687 3808 777 3842 arcem
802 3792 917 3859 imperii,
946 3808 989 3842 res
1009 3791 1106 3842 Italiae
1131 3789 1295 3840 moderando

176 3863 346 3929 disposuerit,
360 3865 448 3929 potius
462 3864 552 3930 regiae
562 3864 669 3915 ridetur
681 3865 880 3916 inscribendum
896 3866 1038 3916 chronicae
1052 3880 1132 3930 quam
1144 3864 1173 3913 in
1185 3863 1296 3914 laudem

175 3939 264 3990 sancti
277 3936 408 3988 violenter
420 3937 567 3988 inflectere.
607 3935 669 3988 Non
686 3939 755 3989 hunc
768 3939 873 4003 quidem
885 3939 967 3989 solum
982 3935 1085 4000 librum,
1099 3937 1146 3989 sed
1159 3935 1297 3988 historiam

177 4010 234 4064 eius
248 4009 397 4078 ornamenti
412 4007 576 4062 Colonienses
593 4011 695 4077 reqiom
709 4011 859 4062 chronicam
875 4019 1046 4064 uocauerunt.
1083 4009 1169 4062 Aliter
1188 4010 1220 4061 de
1240 4010 1295 4060 loco

175 4084 343 4136 sentiendum
362 4089 399 4135 est
417 4082 446 4134 in
468 4083 524 4136 Oet.
545 4082 661 4150 archiep.
682 4083 771 4136 Goion.
791 4085 815 4148 I,
837 4083 886 4136 SS.
904 4084 1008 4148 XXIV,
1026 4101 1055 4150 p.
1077 4084 1145 4135 343:
1166 4083 1250 4134 multo
1270 4088 1297 4132 et

178 4158 285 4208 cronice
311 4159 385 4223 regio
412 4157 567 4224 dignissimo
593 4158 737 4210 inserenda
760 4174 808 4225 per
834 4175 938 4209 omnem
964 4157 1080 4208 Ytnliam
1106 4161 1232 4223 operatus
1257 4159 1298 4205 est

177 4229 370 4294 (Bainahlus).
464 4231 494 4296 2)
515 4248 541 4281 a.
563 4230 642 4297 1147,
658 4250 688 4298 p,
710 4232 759 4294 83;
784 4249 810 4282 o.
831 4231 910 4294 1158,
928 4248 957 4296 p.
979 4231 1024 4280 99.
1120 4231 1150 4295 3)
1171 4227 1211 4296 Of.
1228 4243 1297 4293 quae

184 4303 361 4366 Wattenbach‚
389 4303 446 4366 ΘΟ.
467 4303 508 4368 II,
529 4322 558 4371 p.
581 4305 642 4370 338,
668 4312 759 4356 contro
777 4303 900 4360 Iansenii
924 4311 948 4354 et
968 4303 1002 4355 K.
1016 4300 1115 4354 Pertnii
1140 4298 1297 4354 sententiam

176 4375 287 4428 monuit.
326 4378 371 4428 Ita
390 4375 469 4428 etiam
488 4377 598 4431 ⁴Plataer
615 4379 643 4430 in
661 4377 781 4431 versione
795 4375 954 4429 Germanica
968 4394 998 4442 p.
1013 4389 1107 4429 XXVII.
1182 4373 1213 4442 4)
1235 4373 1298 4424 Non

177 4467 200 4503 r.
214 4449 362 4514 XI-XII,
375 4459 405 4501 ut
418 4450 463 4502 ‘N.
477 4449 584 4504 Archio'
598 4452 651 4516 IV,
660 4470 691 4518 p.
702 4452 765 4504 611.
780 4468 812 4503 eu
828 4451 946 4517 catoloqo
959 4448 1085 4516 impresso
1098 4446 1237 4514 repetitum
1251 4455 1298 4499 est.
