3102 4978
383 404 572 460 CHRONIOA
591 406 704 460 REGIA
723 407 975 461 COLONIENSIS.
1180 411 1246 462 XXI

122 574 295 658 Lipsiensi
315 596 422 658 supra
451 583 635 656 memorato,
667 577 707 642 de
735 576 832 640 cuius
859 579 989 661 oripine
1011 575 1099 642 nihil
1120 586 1246 642 constat

123 659 220 740 (edit.
242 657 384 739 Eccard,
409 657 506 743 Corp.
528 657 556 738 Ι,
573 681 611 743 p.
630 658 693 724 946
715 681 782 745 999.
783 663 811 740 ).
858 659 924 733 Qui
945 659 1112 747 cataloqos
1135 662 1243 726 archi-

123 745 354 827 episcoporum
379 741 619 807 Coloniensium
648 744 871 827 confecerunt,
898 743 1076 810 Caesarius
1099 745 1242 810 Heister·

122 827 275 891 busensis
298 824 369 907 alii,
393 849 432 890 ea
453 849 556 911 99999
579 829 623 892 ad
647 828 787 894 91237.
809 831 863 893 usi
878 837 964 894 sunt.
1007 829 1119 894 Etiam
1141 831 1244 896 maio-

72 926 77 934 ‘
123 933 191 975 rem
228 933 268 976 99
304 909 366 974 illa
392 909 546 995 fructum
582 911 647 976 sibi
678 915 819 997 paravit
853 912 1017 979 Chronica
1048 914 1245 999 praesulum

125 993 372 1060 Coloniensium
397 1017 482 1060 saec.
504 995 593 1060 XIV.
621 1005 756 1061 eaeunte
782 1000 999 1081 composita¹;
1027 1007 1142 1062 auctor
1169 1021 1245 1064 oero

121 1080 272 1144 chronici
299 1081 482 1165 pennanici
510 1102 593 1144 saec.
615 1080 685 1145 XV.
708 1102 758 1145 ea.
785 1083 956 1165 compositi
984 1090 1019 1144 nt
1042 1081 1138 1166 prelo
1170 1083 1244 1147 sub·

120 1164 280 1227 iiceretur
305 1163 468 1246 (Granico
495 1186 563 1228 999
594 1164 653 1228 der
682 1164 814 1251 hilliper
838 1174 904 1230 stat
929 1188 997 1230 999
1022 1165 1164 1248 Coellen)
1187 1168 1245 1232 oisc

122 1248 168 1312 ad
199 1247 288 1396 hspnc
317 1248 444 1312 uberem
471 1257 501 1312 et
526 1250 688 1314 sincerum
715 1273 825 1314 rerum
856 1248 1097 1316 Coloniensium
1114 1250 1244 1336 fontem

122 1353 222 1396 ascen
248 1333 303 1396 in.

206 1415 281 1480 Diu
303 1438 384 1480 sane
405 1415 512 1496 latuit,
542 1425 571 1480 ot
597 1419 717 1481 sensim
743 1419 924 1504 sensimque
951 1419 1103 1505 singulae
1128 1429 1243 1504 partes

120 1522 137 1565 e
163 1499 306 1565 tenebris
338 1510 450 1565 erutae
479 1510 564 1567 sunt.
615 1501 748 1566 Rimas
777 1503 939 1567 Fr'eherus
966 1505 1243 1587 pretiosissimam

116 1593 253 1732 9999999
275 1588 321 1670 (9.
340 1584 567 1665 not-1237)
584 1604 624 1648 en
639 1586 747 1650 codice
763 1585 964 1672 Lipsiensi³,
986 1597 1064 1652 tunc
1079 1586 1244 1698 Stephani

154 1666 343 1734 roelmanni
364 1670 391 1732 I.
415 1667 447 1734 C.
473 1668 685 1750 Coloniensis,
710 1670 838 1754 publici
864 1673 950 1736 iuris
962 1671 1049 1755 fecit
1076 1671 1155 1755 (Sb.
1178 1693 1242 1736 rer.

122 1750 274 1834 GermI,
290 1775 328 1838 p.
351 1753 432 1835 239;
461 1754 510 1817 ed.
533 1754 563 1818 3.
586 1777 655 1818 cur.
673 1755 808 1819 Struoio
824 1777 863 1840 p.
886 1755 985 1838 335)‚·
1009 1779 1116 1820 annos
1137 1755 1244 1822 964-

123 1837 216 1902 1162.
238 1859 279 1902 ea
294 1838 490 1924 apoqrapho
510 1838 633 1902 codicis
646 1839 792 1904 Romani
800 1846 823 1919 ⁴,
847 1841 934 1926 qnod
955 1841 1042 1904 inter
1057 1839 1244 1906 Schannati

121 1921 261 1986 schedas
276 1923 408 2006 reperit,
421 1923 618 1988 Wu'rdtwein
641 1923 757 2004 (Nova
772 1923 857 1987 subs.
869 1923 951 2009 dipl.
963 1924 1056 2000 XIII,
1068 1947 1105 2008 p.
1124 1926 1140 1988 1
1157 1929 1243 2010 sqq.)

121 2005 167 2069 im
192 2008 272 2071 rimi
282 2005 369 2090 fecit
376 2028 389 2088 ,·
417 2009 582 2092 intepram
608 2007 782 2073 chronicae
811 2009 848 2071 in
875 2011 1073 2074 monasterio
1095 2008 1131 2073 S.
1153 2009 1242 2074 Pan·

122 2097 156 2153 ta
169 2093 262 2155 eonis
296 2093 492 2174 compositae
516 2100 645 2175 partem
691 2093 811 2155 riorem
834 2092 879 2156 ad
902 2115 933 2155 a.
958 2092 1243 2157 1162199999

121 2173 275 2260 culpavit
296 2175 413 2260 (Corp.
437 2175 510 2239 hist.
541 2176 569 2256 Ι,
593 2197 630 2259 p·
652 2113 715 2240 llbss
742 2197 808 2260 sqq.
810 2177 838 2256 ),
871 2184 1061 2260 separatam
1093 2186 1122 2239 et
1149 2177 1243 2242 rebus

95 2281 96 2285 ¹
122 2261 276 2322 narratis
302 2261 430 2344 partim
459 2281 640 2345 supparem
667 2260 894 2324 narrationem
922 2281 954 2323 se
984 2262 1142 2345 reperisse
1172 2262 1242 2345 opi-

123 2352 236 2406 natus.
293 2345 348 2406 Eu
381 2344 522 2408 Frehero
553 2343 696 2410 Bo'hmer
734 2367 840 2408 annos
875 2342 966 2408 1198.
996 2367 1062 2431 999.
1090 2345 1242 2409 Fontium

127 2425 292 2492 Volumini
316 2429 361 2491 II.
389 2429 530 2492 inseruit
557 2433 607 2514 (p.
630 2427 693 2492 329
719 2431 815 2513 999),
839 2430 987 2512 priorem
1014 2451 1088 2492 uero
1142 2437 1243 2492 artem

121 2511 199 2575 inde
224 2512 264 2575 ab
287 2535 317 2575 9.
342 2512 433 2577 1106.
458 2522 488 2575 et
499 2512 697 2598 frapmenta
713 2513 881 2660 puaedam
904 2535 947 2576 en
966 2514 1074 2577 codice
1097 2452 1244 2598 (119919199-

122 2593 245 2660 biano
269 2595 331 2660 Vol.
354 2596 415 2659 ΙΙΙ
437 2603 454 2679 (
451 2619 487 2680 p.
509 2597 573 2662 408
595 2620 661 2683 sqq.
663 2601 679 2679 )
737 2598 811 2662 edit.
866 2597 982 2663 Codice
1003 2597 1067 2661 Al
1093 2621 1114 2660 9
1138 2596 1176 2661 G.
1200 2598 1243 2661 H.

153 2689 220 2744 erte
247 2679 396 2762 feliciter
430 2683 578 2762 invento,
610 2682 742 2765 prodiit
776 2682 875 2745 editio
906 2681 977 2764 filii
1003 2681 1123 2746 Karoli
1152 2682 1244 2746 Perta

123 2762 205 2845 (SS.
229 2765 354 2846 XVII),
392 2767 448 2829 cui
479 2767 576 2829 etiam
609 2766 734 2830 codices
764 2764 1015 2852 Guelferbytani
1036 2766 1087 2849 (B
1104 2767 1131 2848 1,
1166 2765 1242 2830 olim

123 2870 145 2911 9
173 2872 223 2914 me
252 2847 400 2929 collatus,
436 2858 465 2912 et
491 2849 578 2931 As),
612 2849 789 2914 Vaticanus
826 2849 919 2930 (01)
956 2858 985 2914 et
1012 2849 1243 2914 Brunellensis

122 2931 217 3014 (0⁶2)
253 2933 395 2997 adhibiti
427 2943 513 3014 sunt,
550 2955 653 3018 99999
688 2942 795 2999 tamen
825 2935 924 2998 iustis
956 2936 1039 2998 rotis
1072 2934 1242 3018 satisfecit.

126 3015 410 3082 Continuationem
438 3017 586 3082 ultimam
611 3019 744 3103 primus
772 3040 813 3082 en
845 3019 954 3082 codice
981 3018 1243 3105 Wirceburqensi

124 3100 174 3180 (D
183 3101 221 3182 1)
245 3101 349 3166 edidit
371 3101 403 3166 V.
422 3100 470 3166 Ol.
486 3102 601 3166 Huber
623 3102 791 3185 (Bo'hmer,
807 3103 924 3168 Fontes
940 3103 999 3183 IV,
1046 3103 1130 3167 ,470
1146 3124 1212 3186 sqq.
1213 3107 1242 3184 ),

120 3193 194 3266 post
228 3207 300 3250 eum
329 3186 361 3250 V.
380 3185 425 3252 Ol.
444 3186 622 3252 Cardauns
646 3186 726 3268 (SS.
741 3186 854 3266 XXII)
862 3209 875 3268 ;
905 3125 1082 3251 socundhm
1110 3209 1150 3250 eu
1172 3187 1243 3252 cod.

130 3267 372 3336 Vindobonensi
403 3293 512 3355 nuper
539 3273 707 3354 proposui
734 3270 815 3354 (SS.
837 3270 969 3351 XXIV).
994 3307 1032 3318 -
1060 3270 1243 3335 Versionem

126 3349 357 3418 Germanicam
400 3371 563 3419 annorum
601 3353 820 3419 1106-1237,
861 3354 1008 3419 debemus
1047 3354 1080 3420 0.
1106 3353 1243 3418 Platner

126 3435 489 3518 (‘(leschichtschreiber
510 3440 570 3503 der
584 3439 628 3502 D.
648 3439 778 3504 Vorzeit.
793 3438 887 3502 XIII.
900 3439 1031 3505 Jahrb!
1048 3437 1111 3503 Vol.
1126 3438 1210 3520 ΙΙΙ).

207 3522 339 3586 Nonam
371 3524 545 3588 editionem
572 3525 621 3588 ita
652 3525 802 3604 institui,
836 3531 872 3586 ut
898 3523 986 3587 duas
1015 3531 1142 3586 tantum
1171 3521 1241 3586 ubi·

121 3603 185 3686 ’999
218 3605 453 3693 distinpuerem
484 3610 704 3690 recensiones,
741 3606 853 3694 quales
886 3629 987 3691 99999
1020 3607 1066 3670 ad
1095 3605 1241 3670 91106.

131 3763 157 3830 1)
176 3768 288 3821 Echecli
307 3769 332 3833 Ι,
348 3788 379 3836 p.
400 3773 449 3822 24:
468 3778 548 3837 prout
566 3771 616 3820 hcc
637 3777 663 3822 et
683 3770 738 3821 alia
757 3772 826 3822 hanc
847 3772 984 3822 historiam
1010 3773 1196 3836 contingentia
1214 3772 1242 3820 in

127 3844 315 3907 superioribus,
341 3844 448 3895 scilicet
467 3847 495 3894 in
515 3846 630 3896 cronicis
655 3846 845 3912 imperatorum
871 3847 920 3896 sub
940 3846 1104 3912 temporibus
1123 3844 1243 3911 Philippi

128 3917 236 3967 secundi
256 3923 284 3968 et
303 3919 410 3969 Ottouis
430 3919 517 3984 quarti
533 3919 712 3969 Romanorum
731 3935 824 3983 regum
842 3919 948 3985 plenius
967 3921 1144 3969 continentur.
1183 3916 1242 3978 Quo

128 3983 158 4036 tle
189 3989 243 4042 loco
273 3989 307 4054 cf.
330 3989 471 4042 Lehmann
494 4009 525 4056 p.
553 3991 596 4040 28.
709 3989 738 4056 2)
764 3991 914 4056 Ourdaous,
942 3991 1098 4044 ‘Stddtechm
1125 3989 1197 4041 Ciln'
1216 3989 1241 4052 Ι,

127 4074 154 4121 ρ.
173 4073 292 4126 LXXXI&
317 4063 360 4128 II,
374 4081 407 4130 p.
428 4065 491 4116 232.
567 4063 596 4130 3)
616 4063 708 4116 Minus
726 4072 795 4117 recte
814 4065 847 4115 Κ.
863 4065 939 4118 Perta
959 4065 1106 4117 contendit:
1133 4081 1165 4115 en
1185 4063 1242 4115 cod.

16 4128 40 4156 ’-
130 4129 342 4202 Guelferbytanm
361 4153 438 4204 quem
456 4137 597 4190 Eccardus
608 4138 684 4204 falso
703 4137 960 4190 Broelmemnianum
978 4138 1055 4190 dimit.
1131 4138 1162 4202 4)
1181 4135 1244 4187 Non

131 4205 224 4270 eodem,
251 4218 281 4260 ut
298 4210 377 4262 Perta
395 4212 488 4275 uoluit,
514 4212 561 4277 qui
578 4228 651 4262 nunc
673 4211 702 4262 in
722 4211 876 4264 bibliotheca
897 4209 1065 4264 Berolinensi
1084 4211 1244 4262 adservatur

131 4275 222 4345 (01*‚·
240 4302 266 4336 9.
277 4282 419 4336 Lehmann
432 4303 463 4351 p.
475 4287 515 4350 3),
535 4286 582 4336 sed
595 4291 662 4337 certe
675 4286 792 4337 eiusdem
805 4285 924 4352 oripinis,
945 4302 1003 4336 cum
1016 4285 1096 4336 etiam
1107 4281 1243 4350 proniores

132 4365 227 4408 errores
241 4358 279 4420 (a.
296 4357 381 4409 1001:
402 4366 464 4410 ants
484 4360 569 4411 altere
583 4359 631 4411 sed
646 4359 725 4410 modo
744 4362 773 4411 in
793 4361 872 4412 choro
881 4375 948 4426 pro:
969 4364 1031 4409 ante
1045 4357 1130 4419 altaro
1145 4357 1242 4409 Sancte

131 4423 211 4480 Maris
229 4432 258 4481 in
278 4431 372 4496 choro)
393 4449 538 4485 communes
556 4433 680 4485 habeant.
