3126 4976
336 373 373 421 94
538 372 727 425 CHRONICA
746 372 860 424 REGIA
881 369 1125 425 COLONIENSIS
1144 371 1178 422 A.
1199 370 1279 451 ilbi.

688 545 858 599 Recensio
877 546 903 598 I.
923 545 1020 598 codd.
1035 541 1069 597 Α.

334 640 404 696 tum
426 652 578 696 coronam
598 632 725 716 imperii
747 632 981 717 suscipientem.
1015 631 1092 695 Fuit
1106 638 1138 694 et
1155 627 1243 694 aliud
1257 629 1474 695 incentivum

334 724 366 780 et
386 715 488 781 fomes
510 714 698 780 discordiae.
740 715 937 800 Imperatore
959 715 1045 780 enim
1067 715 1189 778 curiam
1213 712 1359 800 habente,
1385 736 1473 778 cum

258 829 323 872 nsr.
333 799 528 885 primoribus
548 822 583 864 re
628 800 640 862 i
662 798 751 884 apud
762 798 944 866 Bisuntium
965 800 999 863 in
1013 797 1210 883 Burgrmdia‚
1232 796 1398 864 affuerunt
1421 821 1471 864 ex

335 893 426 969 parte
454 905 558 970 papae
584 821 650 948 diro
681 880 856 947 cardinales
883 881 1005 948 litteras
1032 880 1200 982 apostolici
1228 880 1271 946 ad
1299 903 1377 946 eum
1409 882 1470 948 de·

334 968 482 1050 ferentes,
511 969 544 1031 in
568 967 685 1054 quibus
708 967 791 1032 inter
812 966 876 1030 alia
896 966 958 1031 hoc
978 966 1210 1032 contmebatur:
1231 966 1466 1049 Beneficium¹

336 1075 477 1117 coronae
498 1053 557 1116 tibi
571 1051 778 1132 contulimus,
800 1074 902 1136 neque
920 1053 1111 1138 penitencia
1125 1073 1334 1134 moveremur,
1356 1053 1388 1115 si
1404 1074 1467 1116 eoc-

337 1136 485 1201 cellentia
507 1145 567 1200 tna
596 1139 746 1202 maiores
769 1159 790 1198 a
820 1135 913 1199 nobis
936 1135 1091 1218 beneficia
1112 1136 1314 1219 suscepisset.
1359 1134 1467 1199 Hocb

275 1267 283 1280 .
334 1218 469 1284 verbum
490 1241 549 1304 pro
578 1219 672 1284 feodo
700 1219 856 1303 interpres
889 1219 991 1283 cesari
1021 1219 1086 1284 inte
1126 1227 1245 1283 retatus
1274 1227 1332 1283 est.
1384 1219 1467 1283 Hoc

335 1303 456 1385 audito,
478 1305 652 1389 imperator
674 1302 707 1364 in
727 1303 809 1365 iram
830 1303 962 1367 nimiam
989 1324 1087 1368 accen
1110 1311 1182 1379 rtur,
1212 1311 1260 1366 set
1289 1311 1320 1367 et
1347 1305 1465 1367 cuncti

335 1387 498 1472 principes
527 1397 559 1451 et
585 1388 681 1450 amici
706 1386 908 1486 imperatoris
942 1387 1120 1472 predictum
1152 1384 1287 1451 verbnm
1318 1387 1464 1450 nimium

335 1469 535 1551 ventilantes,
555 1471 590 1534 in
610 1479 732 1535 tantam
752 1492 834 1534 iram
856 1481 1054 1551 exarserunt,
1075 1480 1111 1535 ut
1131 1470 1260 1536 eosdem
1277 1469 1464 1536 cardinales

336 1555 494 1619 acerrima
515 1563 616 1620 morte
635 1554 856 1653 peremissent,
878 1555 940 1619 nisi
957 1554 1077 1620 auxilio
1092 1565 1124 1620 et
1139 1554 1238 1620 ductu
1252 1555 1463 1640 imperatoris

336 1636 462 1703 liberati
484 1639 578 1703 citius
600 1647 801 1724 migrassent.
834 1638 891 1703 Ait
913 1662 947 1704 er
970 1661 988 1703 0
1009 1640 1198 1725 imperator:
1222 1639 1328 1720 ‘Quod
1344 1663 1365 1704 a
1388 1639 1462 1704 solo

336 1721 409 1786 Deo
431 1721 597 1804 habemus,
612 1722 673 1786 hoc
694 1723 759 1808 ipsi
773 1744 832 1808 pro
847 1722 935 1787 feodi
946 1662 1106 1789 beneficio
1123 1723 1331 1810 computant?
1356 1723 1461 1788 Num-

337 1827 434 1892 quam
455 1807 490 1869 in
510 1805 572 1870 hoc
587 1808 820 1871 consentientes
840 1809 968 1890 erimus,
983 1817 1032 1872 set
1051 1808 1189 1894 primam
1202 1828 1314 1872 vocem
1329 1806 1459 1872 electio·

336 1889 386 1952 nis
406 1890 515 1973 regiae
536 1889 914 1976 episcopoMogonticnsi
935 1892 1204 1977 recognoscimus,
1225 1890 1366 1977 regalem
1383 1913 1460 1956 con-

337 1975 548 2038 secrationem
570 1975 723 2075 episcopo
746 1973 938 2058 Coloniensi,
960 1975 1159 2062 imperialem
1181 1976 1458 2041 consecrationem

336 2057 481 2122 Romano
493 2059 648 2145 pontifici,
661 2080 809 2123 coronam
824 2082 900 2124 vero
910 2071 922 2102 ⁶
932 2060 1061 2145 imperii
1075 2058 1134 2124 soli
1145 2060 1217 2123 Deo
1237 2060 1455 2125 attribuimus.

335 2142 485 2207 Picturae
507 2142 680 2224 deleantur,
702 2144 878 2228 scripturae
899 2145 1109 2227 corrigantur,
1131 2142 1273 2290 aliolquin
1298 2144 1380 2210 inter
1402 2166 1456 2210 me

338 2235 469 2290 etcum
494 2248 671 2313 numquam
699 2228 758 2291 erit
783 2225 867 2310 pax’.
917 2225 1037 2290 Audita
1058 2228 1166 2313 itaque
1218 2229 1332 2292 omae‘l
1353 2229 1401 2292 ira
1423 2239 1458 2295 et

228 2478 232 2484 Ι
668 2407 839 2460 Receasio
858 2408 900 2458 ΙΙ.
921 2407 1017 2459 codd.
1037 2409 1070 2460 Β.
1092 2407 1118 2459 0,
1402 2471 1407 2478 .

185 2483 195 2498 ²
338 2495 402 2558 dici
424 2491 529 2575 debet,
552 2492 764 2559 contumeliae
777 2493 864 2558 aliud
880 2493 1033 2578 quiddam
1048 2491 1219 2579 persimile,
1243 2494 1330 2580 quod
1350 2517 1453 2562 novae

338 2578 561 2642 commotionis
593 2586 689 2662 atque
722 2577 929 2642 dissensionis
962 2599 1115 2662 magnum
1148 2578 1355 2642 seminarium
1382 2579 1451 2644 fuit.

335 2661 552 2746 Imperatore⁰
575 2661 693 2746 etenim
714 2683 788 2726 cum
809 2659 1003 2747 primoribus
1025 2661 1116 2747 regni
1132 2662 1252 2725 curiam
1266 2660 1405 2728 habente
1418 2665 1452 2727 in

336 2745 525 2830 Burgundia-
545 2744 632 2830 apud
659 2745 821 2810 civitatem
843 2745 1063 2830 Bisunziumf,
1092 2745 1250 2810 affuerunt
1279 2745 1451 2813 cardinales

336 2828 399 2893 duo
420 2830 541 2895 litteras
570 2828 740 2913 apostolici
765 2821 900 2894 Adriani
928 2829 1115 2914 deferentes,
1141 2830 1198 2894 ins
1228 2830 1345 2916 quibus
1370 2831 1455 2896 inter

336 2911 399 2977 alia
420 2914 479 2979 hec
502 2913 760 2978 continebantur:
790 2914 990 2996 Beneficium
1020 2939 1135 2982 corone
1161 2915 1221 2980 tibi
1248 2915 1448 2998 contulimus,

336 3020 438 3083 neque
463 3000 652 3082 penitencia
680 3020 889 3080 moveremur,
917 3001 948 3064 si
975 3001 1164 3067 eccellentiae
1192 3009 1252 3063 tao
1278 3002 1407 3064 maiora
1427 3021 1450 3064 a

335 3084 430 3148 nobis
444 3081 598 3164 beneficia
612 3085 811 3167 suscepisset.
845 3083 942 3164 Quod
955 3084 1101 3167 verbum,
1117 3082 1238 3148 scilicet
1251 3082 1448 3166 beneficium,
1507 3161 1510 3165 Ι

307 3167 382 3237 ‚tii
403 3168 460 3252 qui
482 3166 568 3230 circa
588 3166 813 3264 imperatorem
836 3177 927 3232 erant
947 3168 1101 3234 usualite'r
1114 3168 1358 3251 interpretantes
1373 3175 1403 3230 et
1415 3167 1449 3232 in

336 3248 559 3317 contumeliam
579 3250 681 3336 ipsius
702 3251 843 3336 positum
863 3251 1214 3333 asserentes,'animum
1238 3251 1306 3312 eius
1320 3249 1355 3311 in
1370 3251 1447 3314 iram

336 3337 577 3402 concitaverunt
604 3343 701 3421 atque
726 3335 887 3420 predictos
917 3334 1092 3399 cardinales
1118 3332 1243 3396 iniuriis
1275 3331 1402 3397 affectos
1428 3357 1463 3410 e,

335 3430 510 3506 conspectu
532 3440 590 3482 suo
613 3420 782 3484 eiecerunt.
814 3417 871 3482 Ait
884 3420 992 3504 itaque
1007 3419 1194 3504 imperator:
1217 3414 1324 3496 ‘Quod
1345 3438 1364 3480 a
1382 3415 1444 3482 solo
1523 3469 1527 3498 ,

334 3505 407 3570 Deo
428 3504 594 3586 habemus,
616 3524 767 3568 coronam
788 3501 937 3568 videlicet
957 3503 1093 3588 imperii,
1115 3521 1180 3563 non
1200 3500 1346 3565 Romano
1373 3523 1445 3588 pon-

334 3589 420 3669 tifici,
443 3588 499 3654 sed
521 3586 581 3651 soli
601 3586 673 3651 Deo
696 3586 908 3652 attribuimus.
950 3587 1092 3651 Primam
1114 3605 1229 3649 vocem
1250 3585 1357 3670 regiae
1372 3585 1444 3652 elec-

334 3673 431 3736 tionis
456 3673 609 3757 episcopo
635 3670 850 3756 Mogontiensi
877 3671 1147 3755 recognoscimus,
1174 3668 1317 3754 regalem
1343 3691 1443 3736 conse-

335 3757 508 3820 crationem
540 3754 780 3902 archilqpiscopo
803 3753 986 3820 Coloniensi
1008 3755 1231 3842 permittimus,
1253 3755 1441 3839 imperialem

334 3841 608 3904 consecrationem
650 3860 764 3903 omano
779 3838 924 3925 pontifici
938 3841 1148 3926 assignamus.
1180 3838 1329 3903 Picturae
1343 3839 1442 3924 itaque
1525 3874 1527 3888 =

335 3922 508 4007 deleantur,
541 3924 697 4010 scripture
727 3925 935 4010 corrigantur,
970 3922 1113 4011 alioquin
1139 3923 1222 3988 inter
1256 3944 1386 4007 regnum
1413 3931 1442 3986 et

335 4084 543 4139 a)an.m.A1.
611 4085 842 4138 b)H.v.dcs.At.
904 4087 1059 4140 c)t.v.A2.
1126 4081 1439 4138 d)deestA1.=s)vero
1501 4059 1504 4066 Ι

336 4145 446 4188 aaa.01.
507 4143 680 4198 t)Bizuncium
697 4149 740 4190 02.
800 4147 824 4200 s)
841 4149 865 4202 ln
882 4148 937 4196 (1.1.
956 4147 1017 4190 aa.
1035 4150 1095 4187 cont.
1112 4147 1155 4186 des.
1174 4145 1216 4185 02.

336 4283 364 4348 1)
391 4281 477 4333 Verba
496 4281 620 4348 epistotae
643 4280 672 4332 ia
691 4279 776 4334 Gestis
795 4280 854 4346 III,
870 4281 895 4333 9.
915 4285 1036 4332 soractae
1053 4294 1107 4330 non
1126 4277 1191 4328 satis
1210 4284 1332 4328 accurate
1344 4275 1438 4329 reddita

333 4360 404 4407 sant.
837 4377 841 4383 ¹
