3126 4976
298 408 349 457 112
507 405 694 460 CHRONICA
713 406 825 458 anum
845 405 1089 460 COLONIENSIS
1109 405 1142 457 A.
1165 405 1243 458 1162.

668 577 834 632 Receneio
854 581 878 634 Ι.
897 582 992 634 codd.
1013 581 1045 633 A.

297 648 500 733 magnificam
533 668 572 711 ac
605 645 815 731 sollempnem
848 650 970 713 curiam
1004 669 1077 712 cum
1110 647 1233 732 ingenti
1271 645 1415 709 omnium

295 732 414 882 gaudio
436 731 556 798 ibidem
578 727 753 796 celebravit
767 753 842 796 cum
856 733 1015 797 universis
1031 729 1240 798 Lonbardiae
1264 730 1416 816 principi-

319 839 367 896 us,
390 815 638 895 marchionibus,
661 815 842 899 comitibus,
864 815 1049 900 baronibus,
1071 816 1247 902 capitaneis
1275 836 1313 879 ac
1341 835 1416 880 con-

297 899 429 966 sulibus.
472 899 533 964 His
555 897 705 964 omnibus
728 922 836 966 coram
859 923 894 967 se
921 900 961 966 de
994 911 1125 988 sumptu
1146 900 1235 984 regio
1264 896 1416 964 habunde

200 986 371 1062 arefecit
392 984 574 1051 ministrari.
629 983 724 1049 Feria
753 986 894 1050 secunda
921 986 1060 1071 paschae
1090 985 1200 1049 Pisani
1230 981 1416 1048 fidelitatem

297 1069 482 1156 imperatori
503 1069 689 1133 iuraverunt
710 1078 741 1134 et
762 1069 1003 1156 expeditionem
1026 1070 1055 1134 ei
1077 1070 1181 1134 facere
1226 1067 1417 1131 romiserunt

297 1155 331 1217 in
357 1151 520 1238 Apuliam,
547 1155 581 1216 in
610 1151 803 1234 Calabriam,
833 1155 866 1218 in
897 1153 1051 1234 Siciliam,
1079 1155 1113 1216 in
1141 1089 1332 1234 Sardiniam,
1362 1152 1416 1214 in⁸

298 1237 464 1304 Corsicam
487 1247 519 1302 et
541 1259 651 1302 versus
675 1236 995 1324 Constantinopolim.
1049 1237 1149 1303 Dedit
1171 1237 1267 1301 etiam
1290 1237 1335 1300 eis
1359 1237 1417 1298 im-

185 1322 447 1410 maruperatorb
470 1343 562 1385 suum
585 1320 749 1385 vexillum.
775 1322 870 1386 Feria
892 1323 1003 1388 tertia¹
1020 1321 1206 1386 Brixienses
1228 1318 1345 1384 similia
1359 1321 1416 1384 im-

186 1407 440 1495 Arr.1aperatori
460 1407 654 1470 iuraverunt.
699 1405 823 1472 Octava
844 1405 982 1494 paschae
1004 1407 1092 1493 apud
1107 1406 1305 1470 Taurinum¹
1328 1405 1417 1469 curia

299 1490 432 1556 celebris
468 1501 516 1555 est
551 1488 661 1554 habita
667 1538 677 1572 ,
710 1499 742 1556 et
773 1493 820 1555 sic
849 1500 916 1556 tota
948 1489 1132 1555 Lonbardia
1164 1512 1203 1555 ac
1233 1489 1352 1554 Tuscia
1385 1498 1417 1555 ct

298 1575 455 1640 Romania
477 1574 519 1637 ad
540 1583 654 1637 nutum
675 1573 879 1659 imperatoris
900 1575 962 1639 fuit
982 1573 1143 1640 inclinata.

372 1657 439 1723 Illis
461 1658 574 1722 diebus
596 1653 694 1743 legati
715 1658 801 1744 regis
823 1659 978 1726 Franciae
1001 1661 1035 1722 in
1056 1658 1183 1724 Italiam
1204 1657 1246 1724 ad
1280 1659 1416 1744 impera-

298 1752 399 1808 torem
432 1753 588 1809 venerunt
619 1764 677 1828 pro
712 1743 935 1829 componenda
967 1765 1046 1843 pace
1074 1752 1106 1808 et
1134 1745 1256 1809 unitate
1287 1752 1417 1808 sanctae

299 1826 516 1893 ecclesiae-
539 1847 674 1912 quorum
698 1827 737 1891 de
759 1850 893 1894 numero
916 1828 1089 1894 He1nricus
1112 1849 1219 1894 comes
1241 1823 1417 1892 de⁰Pli1s³

299 1920 367 1976 erat
390 1949 439 1994 —,
462 1922 589 1976 orantes
611 1911 845 1998 imperatorem,
867 1922 903 1978 ut
925 1915 1047 1978 curiam
1088 1911 1248 1982 eueralam
1263 1911 1419 1978 indiceret

298 2005 331 2062 et
352 1995 516 2082 Victorem
538 2017 658 2082 papam
678 1996 831 2062 interesse
858 1997 986 2081 faceret,
1014 2019 1056 2084 po
1082 1999 1200 2064 ‘centes
1227 1995 1286 2066 sub
1310 2017 1413 2062 sacra·

298 2090 405 2145 mento
434 2079 519 2162 fidei,
550 2102 659 2166 regem
688 2081 844 2147 Franciae
875 2104 913 2148 eo
943 2093 1113 2148 venturum
1140 2092 1171 2146 et
1193 2078 1413 2148 Alexandrum

298 2185 417 2252 papam
429 2186 541 2230 secum
552 2165 775 2248 adducturum,
794 2175 829 2230 ut
839 2166 981 2232 iudicio⁰l
993 2165 1147 2232 ecclcsiae
1160 2165 1287 2230 iusticia
1299 2167 1416 2231 utrius·

298 2271 360 2335 que
373 2259 559 2335 patesceret.
587 2251 711 2313 Annuit
721 2248 770 2314 his
782 2251 965 2336 imperator,
977 2260 1008 2316 et
1019 2249 1161 2336 generali
1173 2249 1284 2314 sinodo
1295 2249 1415 2314 indicta

298 2335 529 2420 inmunicipio
552 2333 639 2418 quod
662 2333 779 2398 dicitur
801 2333 932 2399 Leona⁴
953 2356 1051 2419 super
1072 2333 1205 2399 fluvium
1219 2333 1358 2400 Saonam
1380 2334 1414 2396 in

298 2419 487 2504 episcopatu
519 2416 697 2496 Bisontino,
724 2418 899 2482 maximam
926 2418 972 2483 ibi
1001 2419 1131 2484 domum
1160 2420 1194 2481 in
1215 2418 1414 2504 longitudine

298 2514 330 2566 et
361 2502 527 2567 latitudine
557 2524 616 2587 per
642 2505 741 2566 totam
771 2512 904 2567 estatem
931 2501 1083 2567 fabricari
1110 2504 1193 2568 fecit.
1245 2505 1295 2567 Ita
1319 2525 1359 2567 ue
1381 2503 1415 2568 in

184 2597 241 2648 Aur·
251 2596 287 2639 ¹⁹·
298 2585 508 2652 decollatione
531 2586 633 2650 sancti
643 2585 795 2650 Iohannis
818 2585 977 2672 baptistae
998 2587 1174 2672 imperator
1199 2609 1272 2652 cum
1284 2526 1415 2654 ldictore

298 2691 384 2757 papa
412 2670 553 2753 advenit,
581 2677 629 2734 set
656 2679 687 2735 et
718 2671 861 2734 maxima
892 2670 1061 2736 multitudo
1089 2671 1414 2757 archiepiscopomm,

299 2757 536 2840 episcoporum,
563 2753 728 2836 abbatum,
758 2755 887 2837 ducum,
915 2756 1098 2841 principum
1128 2757 1268 2840 presenti
1301 2754 1414 2821 sinodo

298 2838 418 2905 aderat.
477 2839 549 2903 Rex
581 2847 688 2904 autem
711 2839 867 2904 Franciae
888 2839 1102 2904 Luodowicus
1132 2861 1173 2903 ex
1203 2839 1302 2905 altera
1323 2849 1415 2925 parte

298 2921 438 2988 fluminis
460 2922 564 3007 pridie
591 2922 773 3006 advenerat,
811 2932 860 2988 set
879 2926 1059 3008 griseorum
1088 2923 1318 2989 monachorum
1327 2935 1350 3006 ⁵,
1380 2934 1416 2990 ut

635 3049 798 3102 Reccueio
818 3050 860 3103 ΙῙ.
880 3051 973 3104 codd.
994 3052 1027 3105 Β,
1049 3049 1077 3102 0.
1462 3114 1465 3119 ¹

295 3126 412 3194 paschae
451 3125 542 3176 Pisani
575 3123 733 3176 fidelitatem
764 3126 917 3191 imperatori
948 3126 1111 3185 iuraverunt,
1146 3131 1173 3177 et
1211 3124 1416 3192 expeditionem.

296 3203 451 3267 prompto
472 3200 586 3249 animo
606 3199 633 3248 in
652 3197 787 3265 Apuliam,
806 3199 834 3248 in
846 3197 1007 3262 Calabriam,
1028 3201 1056 3248 in
1067 3198 1197 3259 Siciliam,
1211 3200 1239 3249 in
1253 3199 1413 3264 Sardiniam,

296 3275 325 3324 in
352 3272 488 3324 Corsicam
515 3277 542 3323 et
568 3287 660 3324 versus
687 3270 947 3338 Constantinopolim
972 3273 1061 3342 facere
1097 3274 1284 3338 promiserunt.
1334 3274 1415 3326 Faria

296 3348 381 3398 tercia
396 3347 549 3398 Brixienses
568 3344 686 3397 similia⁰
705 3346 867 3396 iuraverunt.

370 3421 508 3476 Eodem
537 3425 706 3491 tempore
727 3420 945 3474 Ludewicus
972 3437 1029 3475 rex
1056 3420 1198 3477 Franciae
1228 3421 1351 3494 legatos
1380 3426 1414 3477 ad

296 3495 501 3575 imperatoremf
531 3524 579 3574 pro
616 3507 800 3574 componenda
832 3523 898 3573 pace
935 3514 961 3560 et
989 3511 1092 3575 unitata
1122 3515 1231 3560 sanctae
1266 3510 1414 3561 aecclesiae

298 3595 402 3657 misit,
434 3605 506 3660 quos
529 3587 592 3659 ipsc
616 3594 767 3661 gratanter
790 3588 929 3659 suscepit.

372 3672 490 3739 Igitur
509 3671 629 3738 generali
648 3671 751 3738 synodo
770 3671 874 3722 indicta
892 3673 921 3722 in
940 3673 1085 3738 municipio
1112 3672 1184 3738 quod
1203 3673 1297 3724 Leone
1317 3674 1415 3725 dicitur

298 3762 378 3812 super
397 3746 506 3797 fluvium
527 3745 665 3796 Saonamt
683 3747 711 3794 in
738 3746 895 3814 episcopatu
914 3746 1062 3809 Bisontino,
1089 3746 1234 3814 imperator
1260 3761 1320 3798 cum
1344 3761 1413 3815 papa

298 3821 408 3872 Victore
428 3817 621 3883 multisque
641 3818 859 3887 archiepiscopis,
873 3815 1028 3889 episcopiah
1049 3825 1075 3869 et
1093 3820 1235 3871 abbatibus
1255 3820 1368 3872 affuit
1386 3822 1416 3872 in

299 3892 478 3946 decollatione
498 3892 584 3943 sancti
604 3892 732 3943 Iohannis
752 3893 894 3958 baptistae.
933 3893 991 3944 Rex
1010 3898 1099 3943 autem
1118 3893 1250 3944 Franciae
1271 3909 1304 3944 ex
1329 3894 1415 3947 altera

299 4002 468 4053 a)etlnAl.
501 3998 524 4052 b)
542 4001 674 4046 1.eisA1.
708 3999 920 4051 c)velPlosA2.
952 4001 1116 4053 marcual-
1146 4019 1176 4041 =
1206 4003 1414 4056 e)simlllter02.

299 4062 399 4114 omisit
413 4073 455 4113 pro
472 4072 493 4103 c.
507 4072 531 4112 p.
547 4065 570 4101 ct
586 4072 608 4100 u.
625 4072 645 4103 e.
661 4061 705 4102 02.
766 4059 909 4113 alfioanam
926 4061 969 4102 02.
1032 4059 1186 4112 h)dcert01.

302 4155 329 4224 1)
346 4159 390 4209 die
410 4158 545 4209 dominica
564 4164 625 4226 post
644 4167 753 4209 octavas
767 4158 885 4226 paschae
896 4157 1012 4209 Acer-bue
1023 4156 1136 4210 Morene
1143 4175 1175 4224 p.
1188 4159 1251 4211 638.
1300 4160 1328 4227 2)
1341 4161 1417 4214 Haec

299 4247 401 4298 quoquc
420 4247 451 4282 ca
466 4231 576 4298 epietolo
588 4230 744 4283 Burebordi
763 4230 809 4282 ubi
828 4231 935 4298 legitur:
956 4232 1037 4282 Porro
1050 4233 1077 4281 in
1092 4234 1194 4284 octavis
1211 4234 1329 4300 paschae
1343 4235 1416 4302 apud

300 4307 443 4356 Taurinum
474 4307 547 4357 curia
573 4304 765 4368 celebrabitur;
795 4304 841 4356 aad
865 4304 929 4356 haec
952 4303 991 4355 r'ta
1012 4321 1065 4356 aon
1087 4313 1125 4356 cst
1147 4305 1250 4370 babita3
1277 4306 1416 4361 Lehmann

298 4396 327 4445 p.
347 4379 401 4440 41,·
420 4377 504 4432 Prata
524 4377 672 4430 ‘Friedrich
691 4376 722 4430 Ι.’
740 4377 794 4429 Vol.
814 4376 839 4438 J,
854 4395 885 4443 p.
906 4376 958 4427 288
977 4395 1005 4428 η,
1063 4379 1090 4443 3)
1111 4376 1129 4429 i.
1150 4394 1171 4430 c.
1191 4379 1274 4432 Blor'c.
1294 4379 1343 4443 P.,·
1370 4399 1418 4449 qua

301 4459 326 4505 ct
349 4451 491 4504 Treceaas'c.
567 4451 597 4518 4)
618 4449 646 4504 S.
667 4450 734 4503 Icaro
753 4450 786 4503 dc
805 4449 900 4503 Lorne.
977 4448 1006 4514 ὁ)
1025 4447 1042 4502 r'.
1064 4468 1085 4504 c.
1107 4449 1323 4508 Cistercr'caeium.
