3102 4978
242 439 283 489 VI
513 433 700 488 CHRONICA
719 433 832 486 REGIA
852 433 1103 486 COLONIENSIS.

246 605 364 670 domno
387 603 585 684 Hermanno,
617 601 740 668 scilieet
765 603 887 688 pastori
909 605 942 668 in
958 602 1133 688 Enetorp1,
1163 603 1280 687 quibus
1302 604 1367 669 alia

246 711 364 754 manus
385 710 464 754 saec.
482 687 516 751 X
520 686 604 752 VIII.
624 688 816 752 subiunuit:
844 685 1044 753 Bibliotheca
1057 685 1250 768 ,steinfeldu
1274 689 1367 753 tertia

247 774 430 858 inscriptio,
460 772 589 836 duabus
610 770 678 836 illis
701 771 878 857 antiquior,
907 774 976 836 iam
998 793 1096 836 erasa
1117 781 1172 836 est.
1218 771 1368 838 Continet

238 855 333 942 folia
359 855 428 920 146.
473 857 596 941 Incipit
608 855 674 954 foi.
700 858 737 920 1¹.
761 857 826 920 sic:
848 855 935 920 Anni
950 854 1073 920 Tiberii
1090 853 1227 922 Cesaris.
1272 855 1367 920 Anno

249 940 429 1005 dominicae
462 941 691 1004 incarnatronis
721 940 977 1024 quingentesimo
1001 940 1051 1022 76,
1074 940 1173 1006 Urbis
1194 961 1271 1005 0000
1294 962 1367 1005 con·

248 1024 315 1088 dite
340 1025 432 1106 1327,
454 1023 602 1089 Tiberius
625 1023 851 1089 Constantinus
873 1045 990 1110 genere
1012 1023 1110 1106 Trax,
1133 1023 1304 1089 55111000
1326 1023 1368 1090 ab

248 1109 399 1194 Augusto
433 1108 476 1172 im
503 1109 605 1174 arium
641 1107 815 1193 accipiens,
852 1116 1023 1172 coronatus
1056 1117 1104 1173 est
1130 1117 1185 1173 etc.
1235 1110 1369 1174 Desinit

249 1217 281 1258 a.
306 1193 397 1257 1175.
419 1131 544 1257 aeriis:
567 1194 641 1274 Qua
662 1193 851 1256 necessitate
873 1213 985 1256 caesar
1006 1190 1174 1278 impulsus,
1196 1215 1254 1278 per
1276 1214 1369 1258 omne

248 1277 462 1342 Teutonicum
477 1299 611 1362 regnum
627 1275 756 1342 directis
767 1275 905 1358 nunciis,
914 1296 1035 1340 novum
1046 1277 1222 1342 exercitum
1235 1277 1369 1344 adunari

249 1363 404 1448 precepit,
436 1361 570 1426 Librum
584 1383 690 1426 mense
707 1360 837 1425 Octobri
852 1384 883 1424 a.
894 1361 985 1426 1857.
996 1359 1034 1425 G.
1044 1361 1187 1426 H.Perta
1202 1363 1327 1426 inuenit
1341 1372 1370 1427 et

251 1468 358 1510 annos
374 1445 591 1510 1138-1175.
609 1446 801 1528 descripsit,·
812 1447 960 1529 priorem
968 1454 1111 1530 partem,
1127 1447 1371 1511 0000001001-

253 1530 346 1596 1137.
368 1552 458 1594 anuo
480 1531 626 1615 sequenti
640 1527 738 1612 fliius
759 1531 829 1593 eius
844 1529 998 1610 KPerta,
1043 1531 1080 1594 ui
1094 1530 1265 1594 editionem
1287 1539 1370 1594 tomo

253 1616 302 1678 17.
315 1613 524 1699 Scriptorum
534 1615 685 1697 parauit.
724 1613 881 1678 PosteaV.
899 1613 944 1680 07.
959 1552 1178 1678 Lieiermaan
1194 1613 1371 1678 nonnullos

276 1699 380 1764 rimae
398 1700 512 1782 partis
533 1698 618 1762 locos
642 1698 784 1763 enotavit
813 1707 842 1762 et
864 1697 951 1780 quod
976 1700 1044 1762 iam
1066 1699 1173 1762 editor
1200 1696 1254 1762 itte
1276 1698 1368 1764 intel·

281 1785 340 1863 ecit,
369 1805 436 1847 uon
458 1791 565 1846 tamen
589 1783 670 1844 satis
691 1781 799 1846 lucide
816 1783 1003 1867 proposuit,
1031 1805 1134 1868 usque
1157 1783 1202 1846 aei
1223 1805 1254 1846 a.
1278 1782 1371 1846 1106.

250 1866 446 1930 Ellebardi
468 1867 645 1940 chronicon
667 1867 726 1931 boc
749 1866 856 1931 codiee
871 1867 1041 1947 contineri,
1064 1889 1130 1930 non
1147 1888 1265 1931 novum
1288 1887 1371 1949 opus

251 1972 291 2015 eac
324 1948 381 2014 illo
411 1949 554 2036 aliisque
579 1949 734 2035 fontibus
770 1949 960 2035 confectum,
997 1949 1211 2032 confirmavit.
1264 1949 1372 2017 Coelen

251 2036 402 2121 quamvis
424 2037 505 2099 satis
522 2043 674 2099 accurate
694 2049 862 2117 eucratas,
883 2035 1010 2100 mendis
1031 2044 1139 2100 tamen
1161 2057 1229 2101 non
1251 2042 1339 2100 caret
1347 2043 1371 2114 ³,

252 2141 336 2204 quae
359 2118 501 2185 aliorum
524 2141 583 2202 ope
605 2118 713 2184 tollere
735 2117 817 2186 licet.
839 2118 845 2132 '

335 2201 411 2267 A2.
458 2202 565 2271 Coelen
589 2203 921 2268 Vindoboaerisis
951 2226 1002 2265 nr.
1024 2201 1108 2266 3382
1131 2199 1220 2285 (Sal.
1243 2201 1294 2266 31.
1310 2201 1370 2284 B),

252 2285 355 2350 ciart.
370 2310 396 2350 0.
408 2286 479 2368 XV,
501 2288 596 2351 euius
618 2288 724 2350 brevis
745 2288 865 2350 notitia
883 2287 921 2350 ia
936 2285 1125 2350 Annalibus
1145 2288 1268 2350 nostris
1289 2287 1369 2349 data

251 2370 413 2453 (‘Arcbiu’
435 2369 475 2451 X,
493 2393 530 2454 p.
552 2370 633 2452 547)
656 2392 723 2434 non
771 2392 884 2433 arvam
905 2370 988 2432 mih-i
1011 2371 1262 2454 eoepectationem
1274 2370 1370 2452 fecit,

251 2477 360 2540 quam,
384 2477 456 2518 cuna
477 2453 596 2518 librum
620 2477 654 2517 a.
676 2393 767 2518 letti.
795 2455 833 2518 in
860 2451 1050 2519 bibliotheca
1072 2453 1184 2519 aulica
1207 2454 1370 2519 ditissima

190 2571 191 2576 1
251 2539 432 2618 evolverem,
466 2540 655 2623 neutiquam
673 2535 806 2621 falsam
838 2559 915 2620 esse,
950 2560 1026 2603 moa
1056 2537 1210 2608 intellecti.
1253 2538 1371 2603 Postea

254 2741 511 2810 Disputationes
535 2743 668 2810 superiori
693 2746 729 2796 ael
747 2745 864 2813 fluuium
883 2745 945 2798 Vile.
974 2745 1005 2798 P.
1101 2744 1129 2814 2)
1150 2746 1184 2796 In
1204 2744 1369 2798 170011010-

245 2815 353 2884 seriori.
383 2817 413 2870 P.
490 2816 519 2883 3)
539 2818 671 2884 Exempla
690 2821 754 2872 baec
774 2819 808 2872 K.
825 2819 900 2872 Perta
920 2820 1024 2872 attulit:

254 2999 260 3014 .
276 2999 283 3017 .
299 2999 306 3014 .
321 3001 326 3016 .
341 2965 421 3015 etiarn
436 2965 598 3032 Babylonici
618 2970 690 3033 regis
704 2967 788 3034 legati
840 3004 847 3020 .
862 3004 868 3020 .
884 3001 891 3017 .
906 3001 913 3017 .
931 2968 1011 3018 ctiam
1023 2965 1183 3031 Babylonici
1201 2966 1273 3030 regis
1286 2965 1371 3032 legati

253 3039 397 3090 couventui
416 3039 566 3107 principum
585 3057 615 3092 se
632 3048 788 3108 praesentes
834 3041 984 3092 couventui
1003 3041 1152 3106 principum
1166 3054 1194 3090 00
1215 3047 1370 3105 praesentes

254 3111 389 3174 exhibent,
409 3113 478 3163 10100
497 3113 552 3164 alia
565 3113 735 3181 pollicentes,
755 3117 787 3180 si,
845 3113 979 3177 exhibent,
1002 3115 1071 3164 inter
1084 3112 1137 3162 alia
1150 3111 1318 3179 pollicentes,
1338 3114 1372 3175 si,

253 3185 334 3236 010110
348 3185 531 3250 Antiocheuis,
840 3188 919 3238 010110
929 3186 1111 3250 antiochenis,
1127 3187 1229 3236 etiam
1239 3186 1262 3236 T
1269 3201 1285 3236 u
1293 3202 1305 3235 0
1313 3201 1349 3236 00
1357 3203 1381 3239 s.

841 3260 1139 3324 deHierosolyma
1158 3258 1370 3325 pepulerint,

841 3333 1014 3383 dominum
1042 3346 1138 3382 suum
1167 3332 1314 3382 fratrem
1344 3337 1372 3382 et

254 3405 370 3456 amicum
396 3420 455 3456 cum
482 3407 612 3460 universis
633 3407 789 3459 Sarracenis
840 3407 954 3455 amicum
976 3419 1035 3454 cum
1061 3405 1193 3456 universis
1213 3404 1370 3456 Sarraceuis

254 3478 380 3530 habeant.
840 3476 965 3528 habeant.
1250 3488 1253 3498 ¹

256 3585 328 3604 ....
348 3553 502 3604 nunciatum
524 3559 565 3606 est
584 3555 633 3614 eis,
652 3553 723 3619 quod
742 3568 789 3602 rex
841 3551 1085 3602 ....nuuciatum
1105 3556 1146 3602 est
1165 3553 1212 3614 010,
1231 3549 1302 3617 quod
1323 3566 1370 3602 rex

255 3624 465 3690 Babyloniorum
487 3626 647 3678 Ascalonem
670 3625 789 3676 00010001
840 3621 1050 3688 Babyloniorum
1071 3624 1230 3676 Ascalonem
1251 3625 1370 3676 00010001

255 3714 315 3750 curn
335 3699 523 3750 innumerabili
549 3697 721 3750 multitudiue
740 3714 788 3764 pa·
840 3712 899 3748 cum
919 3698 1109 3748 innumerabili
1134 3696 1303 3748 multitudine
1321 3713 1370 3765 pa·

254 3787 392 3838 generum,
425 3772 551 3823 ducturus
581 3773 710 3831 Francos,
742 3772 788 3836 qui
840 3786 978 3836 generum,
1011 3771 1138 3824 ducturus
1163 3772 1290 3835 Francos,
1322 3773 1369 3838 qui

253 3845 437 3898 iherosolimis
456 3849 541 3908 erant,
839 3844 1023 3896 iherosolimis
1047 3855 1131 3910 erant,
1162 3846 1196 3895 iu
1226 3845 1370 3912 captivi·

840 3923 944 3968 tatem
970 3923 1005 3969 01
1030 3925 1291 3985 expugnaturus
1310 3919 1369 3968 Au-

840 3992 1024 4055 tiochiam,
1050 3993 1247 4059 sicutipse
1273 4005 1370 4057 prae-

842 4063 991 4126 dixeram
1013 4063 1121 4117 aliter
1139 4065 1369 4117 autemDomi·

841 4153 902 4190 000
926 4143 1103 4191 statueret.
1148 4140 1272 4205 Itaque
1298 4153 1373 4188 cum

839 4213 873 4262 iu
911 4213 1068 4262 00011010
1114 4213 1373 4280 comperissent

839 4286 888 4349 hi,
908 4287 965 4350 qui
983 4285 1241 4352 Hierosolymis
1261 4287 1370 4346 erant,

257 4359 402 4409 exercitum
417 4357 624 4423 Babyloniorum
636 4357 787 4410 ascalonae
841 4359 987 4410 exercitum
998 4359 1208 4425 Babyloniorum
1219 4356 1372 4408 ascalonae

257 4447 326 4496 asse,
350 4432 787 4484 000100100001050100011110010.
841 4447 908 4496 esse,
932 4433 1127 4486 contenderunt
1140 4433 1245 4485 obviam
1260 4429 1315 4482 11110
1325 4437 1373 4482 etc.
