3126 4976
293 400 345 450 132
387 396 575 451 CHRONIOA
592 397 705 449 REGIA
725 396 975 449 COLONIENSIS.
996 395 1099 448 CONT.
1119 393 1337 446 A.1181.1182.

623 571 791 623 Bcceasio
811 570 835 621 Ι.
855 570 949 622 codol.
969 568 1030 621 Aa.
1053 567 1079 619 0.

377 639 602 706 01111011011110εἰ
630 639 837 723 Mogontinus
867 637 1049 723 episcopus,
1077 635 1162 720 ¹dato
1190 657 1255 702 non
1282 633 1412 698 modico

292 735 439 810 argento,
470 723 655 809 captivitate
681 721 845 787 solvitur1.
931 720 1112 806 Expedicio
1145 719 1347 804 imperatoris
1378 719 1412 782 in

205 885 208 892 ¹
294 809 481 874 Saxoniam.
547 804 686 871 Castella
728 805 819 870 ducis
861 804 1001 891 plurima
1046 803 1248 868 dedicionem
1283 802 1412 889 imperii

292 893 422 975 faciunt,
464 891 567 955 omnis
592 913 633 954 ue
667 890 809 955 Saxonis
845 912 864 953 a
900 888 982 953 duce
1019 887 1171 952 deficiens
1207 887 1412 973 imperatoris

292 978 429 1064 gratiam
459 974 547 1052 adire
569 913 731 1039 lestinatb.
776 973 864 1055 Quid
890 971 1004 1120 plura?
1033 971 1092 1036 Ille
1119 971 1281 1058 quondam
1313 969 1413 1035 famo·

294 1062 438 1125 sissimus
469 1069 522 1123 etc
556 1059 798 1143 potentissimus
828 1059 861 1122 in
924 1079 1040 1121 omano
1062 1056 1198 1141 imperio
1221 1055 1289 1120 dux
1314 1055 1414 1118 Hein-

293 1147 391 1228 ricus,
413 1144 476 1208 Dei
490 1141 655 1208 voluntate
676 1141 860 1206 humiliatus
882 1150 914 1206 et
935 1141 1087 1223 deiectus,
1110 1141 1241 1204 tandem
1262 1138 1304 1202 ad
1326 1137 1415 1202 dedi-

294 1230 421 1293 cionem
431 1228 529 1308 venit,
546 1227 708 1291 sentencia
723 1235 912 1290 cunctorum
919 1226 1105 1310 principum
1117 1226 1247 1288 nomine
1262 1233 1294 1287 et
1309 1221 1415 1286 officio

294 1313 386 1378 ducis
397 1313 551 1398 privatur,
563 1311 637 1396 quic
662 1310 719 1374 uid
730 1310 771 1375 ab
782 1311 918 1395 imperio
930 1308 983 1373 vel
994 1309 1154 1395 episcopis
1166 1306 1415 1372 beneficiorumd

293 1397 408 1461 habuit
428 1396 459 1459 ei
481 1396 633 1474 aufertur,
640 1332 767 1459 linibus
782 1394 910 1479 imperii
924 1392 1027 1457 tribus
1042 1395 1133 1456 annis
1152 1392 1264 1456 cedere
1280 1391 1415 1476 cogitur.

295 1479 496 1546 Alexander⁶
506 1501 594 1564 papa
605 1478 706 1560 obiiti,
719 1479 772 1541 cui
783 1477 902 1541 Lucius
912 1477 1070 1542 Ostiensis
1081 1477 1250 1560 episcopus
1263 1473 1413 1545 succedit,

607 1562 704 1651 [ma]
749 1564 844 1626 Anno
865 1561 999 1624 Domini
1023 1562 1115 1625 1182.

380 1648 559 1734 Imperator
587 1645 692 1711 natale
713 1647 846 1710 Domini
867 1645 1076 1709 Merseburch
1098 1643 1250 1708 celebrat.
1339 1643 1417 1706 Dux

298 1731 460 1798 Saxoniae
478 1729 632 1795 exiliumh
647 1728 785 1811 subiens,
800 1731 833 1793 in
841 1728 991 1814 Angliam
1004 1727 1131 1810 tenditi,
1146 1726 1256 1812 ibique
1271 1726 1418 1807 triennio,

297 1825 333 1880 ut
354 1816 529 1901 imperator
549 1823 581 1878 et
601 1815 763 1900 principes
786 1813 1006 1895 decreverunt,
1028 1812 1221 1877 demoratur.

652 1941 818 1993 Racaasio
839 1940 881 1990 II.
901 1939 997 1991 codd.
1017 1939 1051 1990 B.

298 2011 345 2072 ire
366 2007 505 2072 festinat.
550 2008 654 2088 Quem
678 2030 749 2072 cum
779 2009 887 2095 sepius
909 2008 951 2072 ad
972 2004 1216 2071 accelerandum
1237 2008 1298 2069 iter
1318 2004 1368 2068 vir
1391 2027 1419 2087 a,

299 2113 397 2179 quam
426 2114 525 2156 manu
557 2093 699 2176 gerebat,
737 2091 964 2157 subsannando
990 2088 1203 2175 compelleret,
1239 2090 1338 2152 iratus
1369 2089 1375 2103 ‘
1402 2111 1420 2153 e

299 2177 469 2260 evaginato
493 2175 601 2261 gladio
625 2185 723 2261 caput
744 2175 788 2239 illi
811 2176 999 2260 amputavit,
1021 2184 1053 2238 et
1075 2175 1121 2237 sic
1142 2195 1201 2258 per
1221 2183 1321 2238 totam
1344 2173 1420 2237 civi-

299 2270 399 2325 tatem
421 2261 613 2342 discurrens,
636 2271 766 2324 extento
787 2259 895 2344 gladio
917 2259 958 2324 ad
982 2281 1091 2323 omnes
1106 2256 1353 2339 vociferabatur,
1376 2258 1421 2322 ita

301 2344 426 2409 dicens:
464 2344 589 2408 ‘Venite
611 2365 733 2424 omnes,
774 2364 834 2428 ego
870 2341 974 2406 occidi
1004 2340 1191 2408 diabolum?
1238 2339 1421 2405 Accurrens

300 2438 409 2494 autem
441 2428 609 2491 universus
640 2427 779 2513 populus
812 2439 878 2492 tam
909 2425 1064 2491 nobilium
1095 2447 1192 2511 quam
1220 2423 1422 2510 ignobilium,

301 2522 333 2578 et
354 2521 505 2598 putantes
528 2532 601 2575 eum
622 2520 794 2608 tyrannum
818 2511 984 2591 occidisse,
1008 2533 1080 2574 cum
1104 2509 1214 2574 eodem
1238 2509 1280 2573 ad
1301 2507 1421 2573 aeccle-

302 2597 383 2661 siam
399 2604 527 2659 sanctae
544 2593 685 2680 Sophrae
706 2605 940 2680 processerunt.
976 2595 1020 2657 Et
1034 2595 1141 2658 statim
1156 2603 1259 2658 totum
1274 2604 1420 2658 senatum

303 2685 526 2758 convocantes,
561 2699 668 2741 coram
696 2677 878 2763 patriarcha
907 2687 938 2742 et
968 2678 1054 2742 omni
1083 2676 1167 2741 clero
1197 2679 1422 2762 imperatorem
1487 2697 1491 2706 ·

303 2762 440 2828 eundem
475 2763 776 2846 pronunciaverunt.
833 2762 978 2828 Audiens
1012 2771 1119 2826 autem
1155 2772 1311 2845 tyrannus
1338 2783 1421 2848 quae

301 2846 387 2911 facta
407 2845 543 2926 fuerant,
576 2844 701 2930 occulte
723 2845 763 2911 de
785 2845 909 2932 palacio
940 2847 1059 2928 exiens,
1089 2844 1250 2930 galeidam
1280 2844 1420 2928 intravit,

302 2940 335 2995 et
356 2931 402 2994 sic
424 2952 482 3015 per
496 2951 583 2992 mare
607 2928 693 3027 quod
719 2928 836 2994 dicitur
850 2930 1024 2994 Brachium
1040 2930 1143 2994 sancti
1159 2928 1301 3014 Georgii,
1324 2951 1422 3014 super

301 3014 389 3100 quod
418 3013 579 3099 palacium
607 3023 703 3078 srtum
735 3024 810 3096 erat,
840 3013 951 3098 fugere
984 3014 1100 3099 coepit.
1144 3013 1285 3078 Veniens
1314 3021 1421 3078 autem

300 3120 405 3162 novus
427 3100 601 3182 imperator
628 3119 702 3160 cum
730 3101 817 3161 omni
838 3097 958 3184 populo
981 3096 1022 3160 ad
1043 3097 1203 3182 palacium
1226 3108 1257 3162 et
1279 3120 1353 3161 eum
1374 3097 1422 3160 fu·

300 3183 386 3268 gissa
402 3183 611 3266 comperiens,
634 3182 786 3246 continuo
804 3180 882 3245 alias
920 3181 1040 3246 aleidas
1062 3183 1104 3244 ad
1119 3181 1310 3267 capiendum
1331 3180 1422 3245 illum

301 3266 399 3330 misit.
443 3267 547 3346 Quem
571 3265 679 3330 statim
702 3205 1017 3364 comprehendentes,
1041 3286 1149 3328 coram
1172 3286 1210 3328 eo
1233 3274 1420 3330 statuerunt.

302 3350 368 3432 Qui
383 3371 565 3414 convocans
581 3371 690 3413 omnes
712 3347 846 3430 nobiles,
869 3371 949 3448 quos
964 3348 1017 3413 ille
1033 3347 1243 3429 mutilaverat,
1266 3349 1420 3434 precepit,

301 3444 338 3498 ut
358 3434 497 3521 propriis
520 3432 666 3497 manibus
690 3435 793 3497 crines
816 3435 930 3518 capitis
953 3433 1021 3497 eius
1045 3442 1076 3498 et
1094 3433 1191 3496 barbe
1207 3431 1421 3514 extraherent,

302 3527 334 3583 et
356 3519 402 3582 sic
429 3516 471 3582 ad
499 3517 617 3580 caudas
647 3539 802 3615 equorum
829 3517 1058 3581 indomitorum
1086 3538 1160 3580 eum
1184 3514 1279 3600 ligari
1307 3526 1339 3582 et
1365 3538 1424 3601 per

301 3609 402 3667 totam
425 3600 700 3681 civitatemtrah1‚
731 3601 841 3686 pueris
864 3623 938 3664 eum
957 3598 1224 3686 prosequentibus
1247 3610 1278 3665 et
1299 3599 1422 3686 lapides

303 3695 336 3751 et
355 3684 459 3749 lutum
481 3706 519 3748 su
545 3705 580 3749 er
600 3706 674 3748 eum
695 3683 895 3749 iacientibus.
941 3685 996 3750 Sic
1017 3682 1204 3747 Andronico
1227 3685 1369 3748 extincto
1392 3692 1423 3748 et

303 3768 451 3852 Tyrsach
487 3706 689 3849 sublimator,
727 3767 904 3832 secundum
939 3769 1081 3832 innatam
1116 3767 1230 3832 Grecis
1262 3767 1423 3832 maliciam

303 3852 504 3917 Fridericuru
520 3850 725 3936 postmodum
739 3853 783 3914 im
808 3861 974 3934 aratorem,
991 3874 1065 3915 curn
1079 3853 1256 3938 peregrinis
1272 3851 1423 3918 Greciam

303 3944 533 4017 transeuntem,
556 3935 590 3997 in
611 3934 720 3999 multis
744 3957 761 4000 o
788 3936 918 4000 endunt.

383 4025 550 4077 christianus
572 4053 605 4063 -
625 4053 659 4063 -
680 4025 804 4076 succedit
823 4047 859 4069 =
878 4025 1003 4077 Rececsio
1023 4025 1049 4078 Ι.

305 4133 328 4187 a)
340 4135 550 4178 christianissimus
559 4135 710 4184 moguntinus
727 4135 773 4184 013
789 4135 939 4183 Magununus
955 4135 997 4186 01,
1012 4139 1031 4174 01
1046 4136 1078 4175 itu
1092 4136 1186 4185 saeptus.
1217 4133 1240 4186 b)
1250 4136 1362 4176 festinant
1377 4135 1425 4178 Aa

306 4193 327 4247 0)
351 4198 375 4235 01
393 4195 565 4245 potenttsslmus
584 4195 627 4236 das.
645 4194 687 4235 01.
778 4192 802 4244 d)
825 4194 1037 4242 beneficiorumque
1061 4193 1108 4234 112.
1193 4191 1219 4246 a)
1243 4193 1376 4235 Alexander
1399 4217 1425 4226 -

305 4252 410 4295 succedit
422 4255 472 4294 sdes.
495 4253 542 4293 Bt.
561 4252 599 4292 Fr.
695 4251 715 4305 s)
737 4252 851 4293 00001112
874 4253 968 4302 saepias.
1067 4252 1091 4305 g)
1114 4254 1150 4294 82.
1167 4253 1211 4304 01,
1235 4258 1253 4292 01
1276 4255 1308 4292 itu
1330 4255 1426 4305 110100ορ0

305 4313 450 4354 0010011000
466 4313 570 4362 maiorm
585 4312 640 4351 00001
656 4312 697 4352 02.
756 4309 863 4362 1110111110
877 4323 934 4351 corr.
951 4312 1048 4352 exilium
1063 4313 1110 4352 Bl.
1170 4309 1188 4362 i)
1201 4322 1238 4351 am
1254 4317 1270 4352 t.
1285 4315 1362 4354 000001
1377 4314 1425 4355 Aa.

310 4425 338 4494 1)
352 4427 393 4479 De
406 4433 519 4493 tempore
531 4443 585 4478 000
597 4424 665 4478 satis
677 4431 792 4486 constan
804 4442 830 4478 a.
847 4424 1030 4491 Varrcatrapp
1044 4443 1072 4492 p.
1087 4427 1131 4478 97.
1208 4425 1237 4493 2)
1251 4424 1328 4479 Anao
1345 4428 1425 4480 1185.
