3102 4978
467 437 655 490 cfluourcs
673 438 787 491 nsum
808 437 1059 492 conournusre.
1289 411 1322 488 2¹1

277 612 309 664 A.
329 612 365 663 D.
390 611 452 661 878.
480 610 596 663 Karolus
625 614 714 663 senior
741 613 854 664 Romam
882 639 919 649 -
948 638 983 650 -·
1013 613 1162 676 egritudine
1190 613 1323 680 pulsatum

204 701 285 752 quam
304 686 425 751 protinus
445 700 514 736 mors
534 685 678 737 subsecuta
696 685 776 736 finem
796 687 868 738 vitae
887 687 984 753 posuit.
1023 686 1088 754 1209.
1110 686 1172 738 877.

276 758 309 808 A.
328 759 363 810 D.
384 757 447 808 879.
467 757 636 822 Ludewious,
662 757 732 810 filius
751 761 853 822 Karoli,
879 761 924 826 qui
943 753 1044 812 Balbus
1070 759 1266 827 appellabatur,
1290 760 1324 810 ab

203 832 254 882 bac
274 832 335 882 luce
355 832 507 882 subtractus
528 837 577 910 est
614 833 669 882 Hic
688 848 720 882 ex
739 833 881 898 Ansgarda
901 834 1016 898 coniuge
1035 833 1130 885 habuit
1154 833 1220 884 duos
1245 833 1324 896 filios,

203 905 378 957 Ludewioum
399 910 426 956 et
444 904 662 957 Karlomaunum.
700 905 765 957 ibid.
785 905 847 958 878.

276 979 309 1028 A.
329 977 364 1030 D.
384 977 446 1028 880.
466 976 634 1042 Ludewicus,
654 977 700 1044 qui
718 979 862 1030 Austrasiis
881 979 1032 1046 imperabat
1052 1007 1081 1016 -
1101 1007 1134 1018 —
1152 980 1244 1046 gladio
1263 994 1323 1046 pro·

203 1053 306 1104 stravit.
343 1051 408 1102 ibici.
428 1050 491 1102 879.

275 1126 308 1175 A.
328 1126 364 1175 D.
385 1123 448 1173 881.
476 1123 672 1175 Karlomaunus
691 1141 737 1174 rex
760 1124 870 1192 paralisi
896 1125 1040 1177 dissolutus
1061 1151 1094 1162 —
1115 1151 1148 1162 -
1171 1123 1324 1176 decoratur.

202 1197 275 1249 Huic
295 1214 328 1248 ex
352 1198 474 1264 legitimo
500 1224 534 1234 -—
564 1225 597 1234 -
623 1197 812 1264 pullulaverat.
855 1197 1015 1250 Ludewicus
1040 1199 1122 1264 igitur
1148 1199 1323 1265 comperiens,

203 1271 275 1338 quod
290 1271 372 1322 frater
393 1299 426 1307 -
446 1297 482 1307 —
502 1267 679 1322 difficilimum
699 1271 859 1323 adeuntibus
879 1272 974 1338 prebet
991 1287 1139 1324 accessum.
1177 1271 1242 1323 ibid.
1262 1271 1324 1322 880.

277 1345 309 1396 A.
329 1345 365 1394 D.
382 1342 444 1394 882.
464 1344 579 1393 Karolua
599 1343 633 1393 de
652 1345 812 1396 Alamannia
831 1361 954 1417 egressus
972 1373 1004 1381 —
1022 1373 1059 1382 -
1073 1347 1101 1395 iu
1114 1345 1233 1396 favillam
1252 1345 1324 1394 redi·

202 1423 277 1482 gunt.
315 1415 382 1469 ibid,
401 1415 464 1468 881.
486 1443 519 1452 -
546 1416 718 1468 Arduennam
742 1420 823 1470 etiam
849 1424 1035 1485 percurrentes
1063 1445 1095 1456 —
1123 1445 1159 1455 -
1185 1419 1323 1484 regionem

203 1490 361 1557 depopulati
380 1497 462 1543 sunt.¹
488 1487 554 1541 ibid.
575 1489 637 1540 882.

276 1565 308 1616 A.
328 1565 363 1614 D.
384 1562 447 1614 883.
466 1564 628 1615 Ludewicus
646 1579 694 1614 rex
713 1566 806 1617 morbo
831 1570 957 1630 gravatus
985 1591 1015 1601 -
1037 1561 1079 1601 ‘·-
1105 1570 1133 1615 et
1157 1563 1207 1616 tali
1231 1569 1324 1615 tenore

202 1635 269 1689 fines
289 1640 365 1703 regni
386 1637 528 1688 excedunt.
565 1635 630 1688 ibid.
650 1635 713 1687 882.

275 1720 307 1772 A.
327 1720 363 1770 D.
383 1718 447 1770 884.
465 1718 628 1770 Ludowicus
646 1735 702 1782 rex,
721 1719 803 1771 irater
821 1719 1004 1784 Karlomanni,
1020 1745 1053 1755 —
1077 1745 1108 1756 —
1130 1717 1324 1769 carlomannus

202 1793 283 1844 irater
302 1809 413 1860 regnum
432 1792 505 1844 illius
525 1792 648 1843 obtinuit.
686 1789 751 1844 ibid.
771 1791 833 1844 883.

594 1973 766 2025 Becausio
786 1975 854 2026 cod.
876 1973 933 2026 01.

275 2085 308 2135 A.
330 2083 374 2136 78.
399 2078 514 2134 Karalus
540 2082 663 2134 Calvus
691 2083 806 2135 dictus
826 2085 955 2135 Senior
979 2085 1092 2135 Romam
1117 2082 1237 2135 seeundo
1261 2098 1322 2148 pro-

201 2159 288 2210 iectus
316 2163 356 2209 est
378 2185 411 2194 -
434 2185 466 2194 -
487 2156 537 2208 sed
562 2161 705 2222 antequam
731 2157 766 2208 ad
785 2158 869 2224 Alpes
893 2158 1069 2224 pervenisset,
1095 2155 1183 2207 male
1208 2156 1322 2221 potio·

202 2238 299 2283 natus
319 2231 438 2282 moritur.
475 2228 623 2296 Repete.

275 2305 324 2355 De
356 2303 488 2355 Karolo
523 2305 658 2354 iuniore
695 2304 745 2354 77.
793 2306 826 2356 A.
853 2302 917 2353 879.
969 2303 1085 2354 Karolus
1116 2303 1217 2362 iunior,
1251 2299 1322 2352 filius

200 2378 335 2428 Ludovici
361 2377 607 2428 Germanorum
633 2378 743 2441 regis,
769 2375 818 2427 filii
843 2377 977 2428 Luduvici
1001 2377 1056 2426 Pii
1080 2374 1322 2442 imperatoris,

202 2467 261 2501 oum
280 2450 407 2502 iratribus
427 2452 482 2502 suis
494 2449 675 2500 Karlomanno
696 2451 875 2501 etLudovico
895 2466 957 2501 ann.
974 2452 1016 2501 11.
1031 2449 1186 2500 Ludovious
1205 2447 1322 2513 quidem,

200 2525 313 2576 frater
332 2539 428 2584 suus,
447 2528 477 2574 ut
502 2525 584 2586 aiunt,
603 2524 689 2574 tenuit
708 2525 929 2586 ostrofranciam,
949 2523 1146 2574 Karlomaunus
1165 2521 1323 2583 Bawariam,

200 2598 275 2664 ipse
294 2597 440 2648 Kurolua
459 2599 570 2647 iunior
589 2598 771 2664 imperium
791 2599 983 2648 Romanum.
1015 2597 1055 2647 In
1074 2593 1223 2647 Francia
1242 2609 1321 2645 vero
1375 2655 1379 2666 Ι

199 2676 280 2736 post
298 2669 461 2721 Karolum
479 2669 621 2721 Calvum
640 2672 765 2736 regnavit
776 2670 847 2722 filius
860 2687 923 2722 suus
936 2670 1091 2721 Ludovicus
1104 2668 1206 2719 Balbus
1219 2683 1281 2718 ann.
1295 2667 1321 2717 2.

200 2745 254 2794 Hic
275 2761 307 2794 ex
319 2743 469 2809 Ansgurda,
488 2745 602 2808 coniuge
622 2759 679 2804 sna,
698 2744 792 2795 babuit
812 2745 878 2796 duos
897 2743 976 2806 filios,
996 2743 1164 2794 Lndovicum
1185 2747 1213 2810 at
1227 2739 1322 2791 Karlo-

201 2833 335 2867 mannum.
375 2815 440 2882 Beq.

274 2909 306 2958 A.
327 2907 372 2958 80.
392 2907 591 2958 Ludovicus
610 2907 740 2961 Balbus
760 2925 816 2959 rex
835 2910 1048 2959 Francorum
1066 2907 1220 2958 moritur.
1259 2904 1323 2956 Oui

201 2986 456 3034 successerunt
483 2980 557 3030 filii
588 2982 640 3032 sui
670 2982 873 3033 Ludovioue
906 2987 939 3032 et
970 2981 1231 3041 Karlomaunus,
1267 2979 1336 3057 qui!

202 3055 242 3105 ab
261 3055 434 3120 Ansegiso
461 3054 737 3121 archiepiscopo
760 3057 796 3105 in
820 3069 919 3121 reges
945 3054 1203 3105 benedicuntur
1221 3053 1322 3103 Fran·

202 3143 328 3178 corum.
366 3127 488 3178 Eodem
515 3141 604 3176 anno
630 3126 743 3178 eidem
767 3128 952 3180 Ludovioo
971 3127 1082 3179 Balbo
1108 3130 1186 3194 post
1210 3125 1322 3177 huma·

201 3202 377 3252 nationem
402 3215 493 3252 suam
520 3205 622 3252 uatus
648 3207 702 3251 est
726 3200 827 3252 iilius
858 3217 897 3251 ex
928 3200 1094 3266 legitima
1119 3215 1224 3251 uxore
1247 3213 1322 3259 sna,

201 3277 317 3341 quiex
335 3275 469 3326 uomina
489 3275 544 3323 avi
563 3272 714 3324 Karolus
734 3274 888 3340 Simplex
908 3273 1111 3341 appellatus
1132 3278 1193 3323 ast.
1232 3271 1322 3322 Ludo·

201 3349 284 3411 vicus,
304 3350 350 3413 qui
370 3347 621 3408 Ostfranoiam,
641 3347 675 3396 id
696 3352 747 3398 est
765 3347 939 3408 Austrasiam,
960 3348 1079 3409 tenebat,
1105 3347 1214 3409 cognita
1238 3349 1322 3395 morte

201 3421 377 3473 Ludovioi
400 3421 517 3480 Balbi,
542 3435 654 3486 rognum
678 3421 750 3471 illius
778 3421 906 3471 invadere
931 3448 966 3458 -
990 3447 1025 3458 -
1052 3419 1193 3469 memorati
1218 3419 1322 3476 iratres,

202 3493 348 3545 scilicet
366 3491 619 3545 Karlomaunus
638 3499 671 3544 et
687 3495 898 3557 Ludovicus,
918 3493 993 3543 filii
1010 3492 1185 3542 Ludovioi
1204 3490 1322 3551 Balbi,

202 3581 262 3618 cum
281 3566 373 3618 valida
392 3581 472 3617 mauu
491 3593 527 3603 -
549 3594 581 3604 -
602 3566 694 3632 gladio
713 3569 867 3633 prostravit.
904 3565 969 3618 ibici.
990 3564 1052 3617 879.

273 3642 307 3692 A.
327 3639 371 3691 81.
390 3640 586 3692 Karlomaunus
605 3656 653 3690 rex
671 3641 781 3707 paralisi
795 3640 940 3692 dissolutus
958 3665 995 3677 -
1015 3666 1049 3676 -
1069 3638 1219 3689 decoratur.
1250 3637 1323 3688 Huic

202 3728 234 3764 ex
251 3713 385 3779 legittimo
408 3739 435 3748 -
462 3741 493 3749 ·—
515 3712 702 3780 pullulaverat.
740 3714 894 3765 Ludovicus
913 3715 1003 3778 igitur,
1031 3713 1088 3778 qui
1106 3711 1322 3762 Austrusiam

201 3788 357 3853 regebat,
377 3788 553 3853 comperiens,
573 3787 644 3852 quod
663 3786 745 3837 frater
765 3813 799 3826 -·-
818 3813 854 3824 —
874 3785 1061 3837 difficillimum
1084 3784 1243 3836 adeuntibus
1261 3799 1321 3850 pre·

201 3859 247 3911 bet
265 3875 415 3911 accessum.
452 3857 516 3912 iota.
536 3859 599 3910 880.

273 3952 305 4002 A.
326 3950 371 4002 82.
390 3951 505 4003 Karolus
530 3952 646 4002 iunior
673 3952 707 4002 de
726 3950 886 4003 Alamannia
911 3967 1034 4018 agressus
1061 3977 1097 3988 -
1125 3952 1158 3986 -'
1183 3951 1321 4015 regionem

202 4025 358 4091 depopulati
377 4029 447 4076 sunt.
484 4023 549 4075 ibid.
570 4024 632 4074 881.
654 4023 716 4075 888.

274 4116 307 4168 A.
321 4116 365 4166 83.
385 4115 540 4166 Ludovicus
560 4131 606 4165 rex
625 4117 897 4179 Austrasiorum,
916 4118 1024 4168 frater
1042 4115 1162 4166 Karoli
1178 4114 1322 4164 Minoris

200 4191 241 4238 im
248 4190 437 4254 paratoria,
458 4190 550 4240 morbo
569 4195 696 4254 gravatus
717 4217 749 4225 -
769 4215 805 4226 -
827 4198 853 4241 et
872 4190 920 4240 tali
941 4197 1034 4241 tenore
1060 4187 1127 4240 fines
1145 4188 1222 4252 regni
1242 4202 1321 4236 exce-

202 4262 275 4312 dunt.
312 4259 378 4313 ibid.
398 4261 460 4312 882.

275 4354 307 4404 A.
322 4352 366 4403 84.
386 4352 540 4404 Ludos-icus
556 4369 602 4404 rex
614 4355 837 4418 Francorum,
855 4356 938 4406 frater
952 4353 1126 4404 Karlomanni
1145 4378 1178 4389 —
1200 4375 1234 4387 -
1253 4349 1322 4398 Kar-

201 4428 341 4480 lomaunus
360 4442 432 4487 varo,
451 4426 533 4478 frater
553 4429 618 4492 eius,
637 4444 749 4493 regnum
767 4428 840 4480 illius
859 4429 981 4480 obtinuit.
1019 4423 1083 4477 ibid.
1104 4423 1166 4474 888.
