3122 4978
213 413 402 466 cusonlcs
421 412 534 465 Rssls
555 390 813 475 COLONIENSIs.'
830 414 934 468 CONT.
954 415 992 466 11.
1012 415 1045 465 A.
1058 414 1139 466 1202.
1206 415 1256 466 1⁷1

376 579 470 646 Anno
492 581 653 647 dominice
674 582 905 648 incarnationis
929 583 1020 648 1202.

228 682 395 769 Lupoldus
410 687 581 771 episcopus
604 685 944 750 excommunicationis
965 683 1130 771 paulisper
1144 686 1259 752 timore

144 766 318 853 perculsus,
348 777 452 832 ratum
483 769 544 836 sibi
572 766 754 851 arbitratus,
785 769 911 834 Italiam
944 771 1087 854 expetiit,
1117 771 1260 835 Romane

145 874 179 916 se
202 853 289 917 curie
311 852 466 934 exhibuit,
488 852 576 943 apud
591 874 811 940 quoscumque
825 863 952 953 poterat
965 876 1024 939 pro
1049 855 1155 919 ensius
1175 852 1260 918 effla-

144 937 249 1020 gitans
261 985 269 1019 ,
298 938 447 1034 quatinus
477 947 509 1002 et
542 959 562 1002 a
590 938 696 1003 banno
719 938 843 1003 absolv1
871 946 903 1003 et
932 938 1008 1002 seda
1025 877 1260 1023 blogontiensis

145 1017 276 1084 ecclesie
302 1022 445 1086 mvestiri
478 1033 663 1087 mereretur.
720 1021 901 1109 Aliquantis
933 1022 1032 1106 igitur
1061 1021 1174 1087 diebus
1197 1043 1259 1120 pro

72 1105 77 1116 '
145 1103 329 1168 huiusmodi
357 1107 463 1170 causis
491 1105 688 1193 exequendis
715 1106 836 1172 ibidem
865 1107 1066 1188 constitutus,
1095 1127 1168 1170 cum
1194 1127 1260 1169 ram

144 1186 243 1252 nichil
264 1187 434 1274 proficeret
455 1200 486 1254 et
508 1212 542 1255 se
564 1213 629 1254 non
651 1189 754 1255 solum
776 1212 841 1254 non
863 1190 1019 1271 exaudiri,
1045 1212 1157 1255 verum
1184 1211 1261 1275 apo-

144 1271 253 1336 stolice
275 1275 433 1359 presentie
456 1296 491 1339 se
513 1296 577 1338 non
598 1274 724 1339 admitti
746 1274 958 1354 erubesceret,
988 1275 1069 1338 iram
1096 1275 1258 1360 animique

143 1355 284 1421 furorem
306 1357 522 1439 dissimulans,
544 1359 661 1423 infecto
683 1359 811 1442 negotio
835 1379 907 1422 cum
938 1359 1004 1422 suis
1030 1380 1178 1424 reversus
1200 1366 1257 1423 est.

144 1439 268 1505 Eodem
290 1464 374 1507 anno
397 1444 484 1507 circa
505 1442 622 1507 festum
644 1443 747 1507 saneti
768 1443 878 1528 Egidii
906 1442 1079 1507 Heinricus
1109 1442 1176 1506 dux
1196 1441 1325 1509 Lo-sort·
1342 1459 1363 1501 1·

144 1525 238 1590 vanie
260 1523 431 1591 multifaria
453 1527 579 1591 comitis
602 1525 642 1590 de
665 1525 762 1592 Gelre
783 1536 946 1613 permotus
971 1527 1003 1590 in
1029 1525 1168 1608 udentia,
1193 1527 1258 1590 iam

144 1608 264 1673 diutius
288 1611 356 1674 eius
377 1610 561 1676 insolentias
582 1613 650 1697 pati
672 1621 760 1675 ratus
782 1611 844 1676 sibi
865 1611 933 1675 fore
948 1633 992 1708 pu
1016 1612 1074 1692 ori,
1092 1612 1259 1696 copiosum

145 1692 285 1758 educens
307 1696 493 1777 exercitum,
522 1704 641 1759 terram
669 1696 736 1760 eius
765 1694 918 1760 invadere
947 1717 1118 1781 rpsumque
1148 1705 1184 1760 ut
1208 1705 1258 1760 ote

144 1779 242 1842 totius
264 1779 414 1844 beneficii
436 1801 474 1842 ac
496 1778 703 1864 benignitatis
726 1780 889 1864 ingratum
904 1778 963 1843 sub
979 1781 1077 1844 armis
1091 1777 1178 1842 hum'
1194 1780 1258 1844 'are

145 1861 311 1947 disposuit.
361 1862 460 1928 Cuius
490 1885 619 1927 manum
646 1872 811 1950 potentem
842 1873 874 1928 et
900 1862 1066 1928 brachium
1095 1873 1259 1928 extentum

144 1946 208 2009 iam
224 1946 328 2012 dictus
345 1969 453 2012 eomes
467 1947 550 2012 ferre
567 1969 632 2011 non
646 1947 826 2033 prevalens,
841 1946 946 2011 adhuc
962 1946 1015 2010 illo
1027 1947 1122 2033 longe
1134 1958 1258 2034 agente,

170 2053 205 2094 er
226 2053 260 2097 se
282 2032 390 2118 ipsum
418 2032 590 2097 adventum
614 2033 682 2096 eius
708 2032 875 2117 prevenire
905 2042 1063 2117 satagens,
1085 2032 1127 2096 ad
1157 2041 1260 2096 eastra

146 2052 238 2179 ducis
260 2115 398 2196 devenit,
427 2139 485 2202 per
513 2117 633 2198 amicos
655 2115 849 2200 legationem
871 2116 966 2188 misit,
989 2136 1105 2213 rogans
1132 2138 1170 2180 ea
1197 2137 1258 2200 que
1347 2129 1350 2136 '

144 2200 234 2285 pacis
257 2210 340 2265 sunt.
383 2201 512 2265 Interea
537 2221 644 2265 comes
665 2199 848 2281 Hollandie,
878 2199 911 2262 in
939 2221 980 2263 au
1008 2199 1094 2261 'hum
1122 2198 1259 2285 predicti

145 2283 270 2348 comitis
302 2296 465 2366 evocatus,
493 2286 657 2349 civitatem
684 2306 802 2349 novam
833 2284 961 2350 nomine
990 2279 1127 2365 Bdshc¹,
1162 2305 1258 2369 quam

144 2368 214 2453 ipse
246 2367 314 2432 dux
341 2391 466 2434 summo
493 2368 603 2435 labore
630 2391 669 2434 ac
699 2368 804 2434 studio
830 2368 1043 2453 maximisque
1077 2366 1258 2466 sumptibus

144 2462 356 2534 exsturxerat
372 2455 499 2538 penitus
514 2455 589 2540 igne
605 2453 814 2540 consumpsit,
825 2453 912 2516 viros
924 2473 963 2516 ac
974 2449 1122 2516 mulieres
1133 2462 1257 2517 vrnetos

144 2535 289 2619 abduxit,
311 2547 455 2603 armenta
476 2537 574 2602 boum
596 2547 628 2604 et
648 2559 804 2625 equorum
825 2557 950 2623 gregeS,
974 2537 1084 2600 ovium
1110 2534 1258 2600 aliarum·

166 2642 206 2684 ue
235 2619 434 2687 diversarum
462 2645 570 2687 rerum
591 2623 792 2687 innumeram
813 2620 1048 2685 multitudinem
1073 2622 1257 2705 asportavit.

144 2643 258 2791 itaque
281 2706 321 2770 de
344 2728 423 2792 pace
445 2707 528 2772 inter
569 2705 739 2792 agendum,
763 2727 836 2770 eum
858 2708 922 2769 iam
944 2703 985 2769 ab
1005 2704 1153 2768 omnibus
1169 2707 1257 2791 pacis

144 2798 176 2852 et
198 2789 368 2854 concordie
392 2800 573 2876 speraretur
588 2791 730 2873 effectus,
746 2812 821 2854 ecce
837 2788 943 2855 subito
958 2811 1068 2853 rumor
1082 2797 1114 2854 et
1128 2788 1257 2870 clamor,

143 2873 334 2960 miserabilis
356 2874 447 2939 dolor
468 2884 499 2940 et
521 2877 658 2960 gemitus
679 2873 888 2939 intolerabilis
910 2883 1028 2938 cuncta
1046 2874 1138 2938 ducis
1153 2884 1258 2939 castra

143 2957 288 3043 replevit,
316 2961 449 3058 ipseque
476 2958 545 3023 dux
570 2958 653 3022 ultra
680 2980 776 3043 quam
808 2958 896 3023 credi
924 2968 1029 3044 potest
1050 2958 1157 3022 animo
1185 2979 1257 3021 con-

144 3050 303 3106 sternatus
318 3064 357 3106 ac
372 3043 470 3106 nrmia
486 3041 731 3107 exacerbatione
747 3043 888 3125 excitus,
910 3042 1090 3127 predictum
1107 3045 1257 3107 comitem

143 3125 184 3190 de
208 3125 302 3192 (ielre
332 3125 427 3190 huius
456 3126 532 3191 mali
562 3126 725 3191 conscium
755 3127 888 3211 eiusque
910 3124 1042 3189 consilio
1064 3125 1185 3189 factum
1207 3148 1257 3189 su-

144 3209 299 3296 spicatur3
321 3210 407 3274 unde
429 3231 504 3295 pax,
529 3232 590 3297 que
612 3211 676 3273 iam
705 3209 870 3275 obsidibus
897 3219 930 3272 et
956 3208 1031 3272 fidei
1058 3218 1256 3273 sacramento

144 3293 364 3359 confirmanda
386 3295 584 3381 sperabatur,
606 3295 855 3379 interrumpitur.
903 3292 1055 3357 Adunato
1076 3293 1175 3378 igitur
1204 3315 1258 3357 ex·

144 3378 253 3456 ercitu,
269 3378 337 3442 dux
351 3401 368 3444 e
383 3380 520 3466 vestigio
535 3380 684 3444 comitem
700 3400 774 3443 oum
788 3376 889 3464 preda
904 3398 1014 3441 secure
1030 3375 1257 3462 procedentem

143 3462 332 3548 insequitur,
353 3473 519 3551 marteque
542 3465 699 3529 constanti
720 3462 982 3548 magnanimitate
997 3461 1180 3542 commisso,
1203 3483 1257 3524 ex-

144 3547 260 3610 ercitus
289 3549 412 3612 comitis
440 3550 557 3634 partim
579 3547 745 3629 occiditur,
772 3545 889 3632 partim
916 3546 949 3608 in
978 3545 1088 3630 fugam
1114 3545 1257 3627 vertitur,

143 3630 244 3717 preda
265 3640 332 3695 tam
354 3631 517 3696 hominum
540 3655 637 3718 quam
658 3633 872 3696 iumentorum
894 3630 1062 3705 excutitur,
1085 3630 1155 3716 ipse
1183 3649 1256 3692 cum

142 3713 212 3778 aliis
236 3738 332 3802 quam
354 3715 500 3802 pluribus
522 3717 678 3816 captivis⁸
700 3715 879 3780 abducitur.
924 3714 996 3778 Hac
1017 3713 1102 3779 felici
1122 3715 1258 3779 victoria

143 3799 211 3863 dux
232 3801 400 3883 animatus,
422 3801 671 3865 Novimarum¹³¹²
693 3800 831 3882 devenit,
854 3798 916 3864 Oie
938 3809 1077 3863 castrum
1092 3800 1168 3863 satis
1189 3819 1257 3862 mu-

142 3883 244 3946 nitum
266 3886 474 3968 expugnavit,
498 3887 645 3950 comitem
667 3884 707 3950 de
730 3882 850 3966 illisve,
866 3883 942 3949 licet
955 3905 1102 3983 puerum,
1117 3884 1256 3949 amicitie

143 3989 199 4032 sue
221 3968 393 4053 copulavit,
418 3969 631 4056 omnibusque
653 3990 711 4056 pro
733 3967 826 4033 libitu
848 3979 880 4035 et
900 3967 1036 4034 utihtate
1056 3967 1177 4033 ibidem
1193 3966 1255 4032 dis-

141 4167 164 4222 ι)
181 4169 304 4221 captivus?
364 4167 387 4221 b)
402 4171 553 4212 Novimsrnm
568 4182 625 4211 corr.
641 4174 665 4210 ut
680 4170 764 4210 videtur
778 4169 925 4210 Novlmslum
940 4167 990 4208 At.

143 4309 172 4377 1)
189 4311 419 4381 Hertoqcabosolt5
447 4312 482 4377 cf.
500 4310 571 4363 Ano.
589 4310 733 4380 Egmund„
755 4308 806 4362 SS.
824 4309 903 4374 XVI,
924 4328 957 4376 p.
976 4310 1039 4361 473.
1125 4309 1154 4376 2)
1180 4308 1254 4360 Nim-

140 4400 235 4452 wopan.
