3126 4976
310 397 363 448 116
447 394 635 448 ΟΗΒΟΝΙΟΑ
653 392 767 446 anull
786 392 1029 446 COLONIENSIS
1048 391 1080 444 A.
1102 392 1183 443 1174.
1203 392 1282 442 1176.

710 567 873 620 Berensis
894 566 920 618 I.
940 575 971 619 et
989 565 1032 618 ΙΙ.

393 654 564 720 inundatio
578 656 682 720 Reni²
713 663 746 719 et
766 652 938 717 fluviorum
958 652 1087 718 insolita
1108 662 1140 718 et
1161 652 1294 722 diutina,
1359 654 1437 740 Epi·

312 762 431 827 scopus
455 739 714 814 Cameracensis¹
738 760 758 802 a
778 736 966 822 vulgaribus
989 737 1155 802 occiditur.

464 823 655 910 Olympiasl’
682 823 755 888 486.
780 821 874 922 [246]
918 823 1014 886 Anno
1036 821 1171 887 Domini
1194 823 1286 886 1175.

396 909 577 994 Imperator
603 906 708 972 natale
736 907 870 971 Dominr
898 905 933 970 in
962 907 1074 970 castris
1097 908 1184 972 circa
1205 907 1437 974 Alexandriam

314 992 463 1059 celebrat.
514 992 609 1056 Hanc
636 991 795 1077 siquidem
824 991 937 1056 urbem
966 991 1082 1055 mirum
1104 992 1139 1055 in
1160 991 1291 1056 modum
1314 993 1437 1080 absque

312 1099 479 1142 murorum
501 1075 626 1140 ambitu
646 1076 803 1140 fossatum
825 1095 961 1160 magnae
976 1074 1152 1141 altitudinis
1167 1075 1323 1158 munibat,
1339 1101 1437 1164 quam

313 1161 484 1227 multitudo
499 1159 761 1241 latrunculorum,
776 1171 953 1245 raptorum,
970 1180 1136 1224 servorum
1151 1160 1299 1225 dominos
1310 1161 1437 1248 fugien-

313 1247 413 1328 tium,
435 1246 551 1310 additis
566 1244 855 1330 LonQobardorum
874 1241 1007 1324 viribus,
1023 1243 1197 1327 incolebat3
1214 1266 1311 1332 quam
1327 1267 1439 1311 caesar

313 1340 428 1415 rogatu
451 1331 576 1396 comitis
599 1330 639 1394 de
661 1328 906 1393 Monte-ferre0²
928 1327 1023 1392 facile
1045 1337 1213 1414 capturum
1241 1352 1275 1394 se
1303 1351 1437 1478 spprans

315 1413 495 1496 obsederat,
519 1423 568 1478 set
590 1412 709 1478 diutius
733 1435 829 1498 quam
851 1420 1018 1499 optaverat
1039 1412 1086 1477 ibi
1108 1413 1304 1481 retinendus.
1352 1437 1438 1500 agna

1546 725 1556 754 t

312 1499 361 1564 ibi
383 1501 562 1562 constantia
583 1521 625 1562 cx
647 1508 782 1646 utrathue
803 1481 894 1582 parte
916 1495 1061 1563 militaris
1083 1519 1135 1563 res
1161 1497 1320 1582 fervebat,
1341 1503 1437 1564 inter-

315 1580 393 1645 dum
415 1604 457 1647 cx
477 1582 527 1646 his
550 1590 582 1646 et
596 1579 657 1645 illis
694 1583 727 1644 ui
751 1603 804 1644 am
819 1580 915 1667 capti,
930 1579 1076 1644 nonnulli
1091 1583 1191 1646 occisi
1206 1593 1238 1648 et
1252 1585 1402 1668 suspensi
1410 1584 1435 1650 (¹.

314 1666 495 1792 Iereratcr
516 1688 591 1730 vero
615 1603 789 1750 quiddam⁰
811 1664 908 1730 laude
930 1664 1064 1751 dignum
1109 1669 1194 1731 essit.
1246 1668 1327 1731 Tres
1350 1669 1437 1732 enim

317 1771 360 1814 ex
397 1750 499 1834 captis
527 1758 600 1814 ante
621 1751 736 1814 faciem
758 1750 826 1816 eius
857 1770 930 1813 cum
958 1758 1063 1814 essent
1085 1688 1188 1830 ducti,
1218 1772 1296 1815 mox
1328 1751 1438 1816 oculos

317 1855 429 1898 eorum
452 1835 521 1898 erui
542 1836 695 1920 precepit.
746 1834 886 1899 Duobus
913 1834 1054 1918 primum
1085 1836 1212 1918 coeatis,
1234 1837 1368 1900 tercium
1389 1837 1437 1900 iu-

318 1919 442 1982 niorem
453 1916 534 2000 aliis,
549 1940 606 1982 cur
616 1929 728 1984 contra
739 1919 909 2003 imperium
921 1916 1048 1982 rebellis
1060 1921 1211 1984 existeret
1219 1931 1244 2002 8,
1258 1921 1292 1982 in
1316 1921 1436 1986 uisivit.

318 2003 364 2067 At
374 2001 441 2067 ille:
458 2000 558 2084 ‘Non',
574 2004 688 2090 inquit,
705 2003 755 2066 ‘0¹¹
766 2023 885 2083 caesar,
902 2001 1113 2067 contratevel
1123 1941 1436 2104 impemumlmumi]

343 2087 415 2168 essi,
437 2096 485 2151 set
505 2086 695 2151 dominumk
717 2088 751 2150 in
773 2088 901 2152 civitate
922 2085 1054 2166 habens,
1077 2089 1145 2151 eius
1166 2090 1263 2152 russis
1290 2089 1383 2174 parui
1405 2097 1439 2155 ct

318 2108 468 2235 ddeliter¹
501 2172 635 2253 servivi,
665 2173 721 2257 qui
750 2173 776 2234 si
804 2181 911 2236 tecum
941 2179 1054 2234 contra
1075 2172 1162 2236 cives
1185 2194 1261 2237 suos
1314 2195 1436 2259 ugnare

317 2254 464 2335 voluerit,
492 2275 597 2340 aequa
623 2257 694 2320 vice
723 2257 752 2320 ei
779 2254 917 2320 fideliter
940 2257 1094 2338 serviam,
1117 2267 1150 2321 et
1172 2258 1199 2321 si
1221 2195 1330 2321 ocuids
1358 2258 1437 2321 mihi

318 2340 388 2403 erui
407 2341 603 2425 preceperis,
624 2342 739 2404 iterum
762 2348 797 2403 ut
817 2347 929 2424 potero
946 2338 1075 2403 domino
1091 2362 1163 2405 meo
1178 2343 1334 2406 serviam’.
1360 2341 1437 2421 Qui-

317 2422 379 2487 bus
400 2423 507 2488 verbis
533 2422 658 2488 illectus
688 2425 873 2508 imperator,
902 2423 1078 2488 luminibus
1101 2427 1131 2488 ei
1151 2427 1328 2510 permissis,
1357 2425 1436 2490 alios

318 2515 445 2572 cecatos
467 2508 501 2570 in
523 2507 636 2572 urbem
660 2507 730 2571 ab¹¹³
754 2529 791 2572 eo
813 2507 928 2571 reduci
941 2509 1095 2593 precepit.

401 2591 505 2674 Igitur
526 2601 599 2656 ante
620 2590 782 2676 pascalem
809 2590 1076 2678 sollempnitatem
1099 2594 1278 2658 coniuratio
1305 2593 1437 2679 grandis

317 2687 396 2762 pern
417 2696 543 2739 omnem
557 2675 816 2760 Longobardiam
832 2685 944 2740 contra
964 2677 1190 2762 imperatorem
1211 2686 1243 2741 et
1263 2700 1338 2742 suos
1352 2679 1438 2743 facta

318 2767 375 2823 est.
388 2757 585 2824 Coadunatis
599 2760 708 2845 itaque
722 2759 857 2841 viribus,
868 2758 1134 2842 Mediolanenses,
1146 2762 1357 2845 Veronenses,
1372 2763 1436 2827 No-

317 2845 491 2925 varienses,
507 2843 692 2908 Brixienses
715 2842 914 2930 aliarumque
936 2843 1048 2908 ltaliae
1063 2845 1192 2909 urbium
1206 2846 1319 2945 populi
1335 2849 1436 2911 incre·

318 2926 450 2992 dibilem
466 2926 649 2992 conduxere
665 2928 852 3010 exercitum,
873 2928 994 2994 indicto
1009 2927 1092 2994 bello
1108 2929 1237 3014 publico
1251 2932 1438 3016 rmperatori

317 3013 351 3075 in
391 3012 513 3098 campis
539 3010 765 3077 Alexandriae.
811 3013 903 3093 ¹Quo
934 3014 1073 3100 cognite,
1095 3014 1269 3099 imperator
1304 3018 1338 3080 in
1365 3016 1437 3099 ipsa

198 3118 254 3169 apr,
271 3119 307 3160 ra.
317 3095 460 3182 paschali
476 3095 708 3182 sollempnitate
719 3098 824 3182 primo
836 3096 977 3161 diluculo
991 3097 1033 3162 ab
1044 3097 1210 3164 obsidione
1220 3098 1438 3165 Alexandriae

317 3180 481 3262 recedens,
516 3203 589 3245 cum
617 3181 765 3246 omnibus
787 3183 889 3266 copiis
910 3183 957 3246 eis
980 3181 1108 3246 obviam
1130 3205 1205 3247 cum
1226 3184 1348 3269 ingenti
1370 3185 1436 3247 ani-

318 3266 464 3328 mositate
493 3265 652 3350 processit
680 3275 712 3328 et
738 3266 822 3329 intra
841 3265 937 3330 unius
959 3267 1093 3350 sagittae
1115 3268 1234 3332 iactum
1256 3269 1349 3331 iuxta
1368 3276 1436 3331 ten-

317 3350 399 3413 toria
414 3349 553 3413 hostium
569 3359 673 3413 castra
687 3350 805 3434 posuit.
833 3349 962 3414 Terruit
976 3349 1037 3413 hoc
1052 3350 1292 3436 Longobardos‚
1316 3352 1436 3438 quibus

317 3456 445 3518 semper
477 3443 628 3519 suspecta
661 3441 729 3498 erat
760 3432 861 3496 virtus
884 3433 1187 3501 Theutonicorum0.
1239 3435 1308 3500 Neo
1334 3457 1436 3518 mora,

207 3537 262 3588 apr.
273 3540 308 3580 rs.
318 3529 432 3603 quarta
458 3517 540 3582 feria
566 3516 684 3603 pasche
712 3517 845 3601 signifer
864 3516 991 3582 illorum
1014 3523 1206 3584 ammonitus
1229 3541 1249 3583 a
1270 3519 1347 3601 filio,
1381 3522 1437 3607 qui

153 3617 156 3626 ’
317 3603 351 3664 in
383 3611 474 3686 parte
508 3601 645 3666 caesaris
676 3600 844 3684 militabat,
881 3601 1078 3688 colloquium
1110 3612 1264 3689 expetens
1291 3603 1437 3689 episcopi

319 3684 520 3752 Coloniensis
532 3695 564 3751 et
579 3684 790 3770 quorumdam
801 3685 994 3772 principum,
1009 3685 1070 3751 hoc
1086 3686 1218 3752 consilio
1234 3696 1266 3752 et
1279 3708 1437 3773 persuasu

319 3792 378 3834 suo
401 3770 515 3851 effecit,
539 3767 627 3854 quod
642 3769 961 3855 omnesLongobardi
977 3771 1081 3857 magis
1096 3793 1213 3857 pacem
1227 3783 1285 3836 aa}¹
1306 3773 1436 3838 veniam

319 3931 342 3984 a)
359 3932 433 3972 Rheni
448 3932 497 3972 Al.
514 3931 556 3971 01.
616 3928 640 3982 1))
655 3931 693 3973 Ol.
713 3933 764 3974 486.
785 3933 828 3975 des.
845 3934 890 3974 Ar.
908 3935 957 3974 Bt.
1019 3931 1040 3985 c)
1056 3935 1092 3975 11.
1109 3935 1151 3976 01.
1217 3934 1240 3986 d)
1257 3936 1370 3986 suspendi
1385 3936 1437 3984 613

319 4003 337 4036 s.
354 3993 409 4031 sunt
423 3992 469 4032 Bl.
487 3991 531 4030 01.
591 3987 614 4042 e)
634 3990 750 4040 quoddam
765 3991 823 4031 Al?
894 3992 947 4045 oa.
969 3994 984 4034 f.
1005 4003 1070 4033 snam
1088 4005 1118 4034 ex
1134 4005 1152 4034 c.
1169 3994 1213 4034 01.
1275 3993 1298 4046 ς)
1315 3998 1377 4036 esset
1391 3993 1436 4035 01.

318 4051 343 4104 h>
360 4063 381 4092 c.
397 4055 413 4092 t.
433 4061 481 4090 oc.
496 4051 552 4100 1³13
575 4059 624 4090 non
639 4051 697 4102 (post
711 4049 761 4102 dat.)
776 4053 792 4093 i.
810 4064 857 4094 non
873 4063 892 4093 c.
909 4056 923 4094 t.
941 4062 955 4092 o
972 4063 991 4092 c.
1008 4052 1053 4092 01.
1128 4051 1147 4104 i)
1163 4053 1218 4092 deest
1233 4053 1262 4094 A.
1334 4051 1358 4104 k)
1375 4053 1398 4092 h.
1415 4053 1437 4092 d.

318 4113 343 4152 in
361 4122 379 4152 c.
397 4111 443 4152 Bl.
461 4111 502 4151 01.
561 4107 813 4161 belunenen.
867 4110 899 4163 m)
923 4111 952 4150 sb
969 4122 997 4152 eo
1012 4112 1056 4154 clas.
1072 4111 1117 4155 01.
1168 4110 1193 4163 n)
1209 4123 1251 4162 pro
1268 4114 1375 4154 omnibns
1390 4111 1435 4151 01.
1540 4135 1556 4164 ⁴

319 4169 434 4223 o)'1'euth.
449 4171 469 4209 B
478 4170 499 4210 1.
560 4168 584 4221 p)
601 4168 690 4220 etA13
707 4180 734 4210 ac
749 4171 842 4210 veniam
859 4191 885 4202 ·-
904 4180 985 4221 pacem
1000 4171 1044 4211 des.
1060 4171 1103 4210 01.

321 4321 349 4389 1)
369 4321 507 4373 liebertus.
582 4321 611 4388 2)
636 4320 771 4374 Walbelmi.
812 4322 859 4374 Ito
877 4319 956 4374 etiam
975 4321 1142 4374 Remuoldus
1161 4320 1277 4388 Salem,
1296 4321 1347 4376 SS.
1360 4319 1437 4386 XIX,
1481 4357 1484 4363 -

316 4414 346 4462 p.
365 4397 429 4461 440,
448 4403 472 4447 et
491 4395 562 4447 Aoo.
581 4394 698 4448 Placeat.
719 4394 788 4460 oia,
805 4413 832 4462 p.
853 4396 916 4448 461.
