3102 4978
289 485 326 534 50
446 479 631 533 CHRONICA
650 477 762 531 Ruunt
782 477 1023 531 COLONIENSIS
1044 478 1076 529 A.
1099 478 1176 530 1110.
1198 478 1278 528 1111.

664 651 879 704 1111111111.
900 651 1044 704 11111111.

365 738 472 804 Sclavi
487 761 521 804 11
547 739 651 802 'onem
667 737 879 801 Albianorum
894 738 1085 822 irrumpunt,
1108 735 1280 822 multisque
1299 737 1415 801 occisis

290 833 322 888 et
343 824 454 908 captis,
477 845 511 888 re
535 832 621 886 eunt.
659 820 828 887 Occiditur
848 819 895 884 ibi
917 842 1025 884 comes
1041 819 1235 885 Godefridus
1257 816 1297 886 de
1314 821 1415 886 Ham·

290 909 478 992 menburg⁸.
522 906 601 970 inde
625 905 693 970 dux
708 905 869 970 Saxoniae
884 904 1077 988 Liutgerusl
1090 915 1273 1053 (permotus,
1297 914 1414 969 terram

291 990 480 1056 Sclavorum
502 989 657 1055 hostiliter
676 989 809 1070 invadit,
839 990 1005 1074 regionem
1032 1011 1089 1073 pre
1112 989 1260 1054 abundus
1290 1011 1415 1076 peram-

289 1073 389 1157 bulat,
415 1096 532 1138 novem
561 1074 657 1138 urbes
684 1074 871 1137 munitiores
901 1084 933 1138 et
959 1073 1175 1220 oprdentiores
1204 1073 1301 1159 capit,
1330 1072 1414 1138 obsi-

289 1159 451 1257 dibusque
473 1158 514 1223 ab
537 1158 616 1245 ipsis
638 1159 790 1243 acceptis,
813 1158 915 1222 victor
936 1179 971 1221 re
995 1157 1029 1221 it.

175 1264 278 1314 11111.
364 1243 460 1308 (luca
480 1243 730 1328 assumptionem
754 1251 861 1305 sancte
876 1241 977 1306 Marie
999 1263 1058 1306 rex
1073 1241 1162 1328 regio
1181 1250 1338 1326 apparatu
1352 1241 1414 1305 Ita·

289 1327 366 1392 liam
381 1326 568 1412 ingreditur.
606 1326 728 1392 Omnes
744 1326 889 1389 civitates
904 1325 1055 1407 munitae,
1078 1326 1185 1388 omnia
1201 1323 1331 1390 castella
1344 1347 1402 1472 req

291 1411 480 1476 subduntur.
523 1409 666 1475 Novaria
689 1410 801 1474 civitas
823 1407 908 1473 clara
930 1419 1060 1495 propter
1083 1407 1286 1495 quorundam
1314 1408 1414 1475 rebe-

290 1494 409 1560 lionem
432 1494 578 1559 diruitur.

668 1579 764 1641 Anno
786 1576 919 1640 Domini
945 1578 1035 1641 1111.

363 1661 435 1728 Rex
463 1661 603 1726 natalem
632 1661 766 1725 Domini
797 1683 817 1724 a
841 1659 885 1724 ud
917 1660 1113 1725 Florentiam
1146 1659 1296 1725 celebrat.
1340 1659 1414 1740 Quo

290 1756 431 1834 peracto,
460 1747 489 1810 2.
516 1745 594 1809 Idus
621 1745 789 1809 Februarii
816 1683 938 1809 bornae
958 1744 1006 1809 ab
1037 1743 1212 1830 apostolico
1242 1743 1415 1809 honorifice

291 1832 459 1928 excipitur.
493 1829 588 1894 Datis
604 1838 710 1893 autem
726 1831 887 1928 utrimque
902 1827 1079 1910 obsidibus,
1101 1829 1134 1893 in
1150 1826 1306 1893 aecclesia
1327 1828 1414 1893 beati

291 1915 378 1979 Petri
400 1912 571 1978 considunt
580 1925 602 1995 ⁰,
626 1935 723 1999 super
738 1915 875 1999 negotris
891 1913 1115 1978 ecclesiasticis
1134 1915 1311 1978 tractaturi.
1349 1911 1415 1978 Ob·

292 1997 398 2063 sidum
420 2009 527 2064 autem
550 1999 606 2083 qui
628 1998 836 2063 tradebantur
857 2019 900 2061 ex
921 2009 1011 2083 parte
1034 1997 1118 2080 regis
1145 1999 1319 2082 precipuus
1348 2005 1417 2062 erat

291 2082 475 2164 Heinricus,
503 2082 601 2148 frater
622 2082 778 2147 Friderici
807 2082 932 2146 comitis
955 2080 1152 2162 westfaliae,
1179 2081 1230 2145 vir
1256 2080 1412 2147 militaris.

290 2166 380 2231 Dum
401 2165 462 2231 hec
483 2177 631 2252 aguntur,
652 2165 791 2232 factione
819 2165 1031 2253 quorundam,
1061 2165 1178 2251 quibus
1207 2166 1314 2230 omnia
1338 2166 1414 2251 paci
1468 2223 1470 2227 .

292 2260 323 2316 et
345 2249 535 2315 concordiae
556 2250 682 2350 potiora
704 2259 803 2330 erant,
833 2248 988 2314 tumultus
1016 2251 1051 2313 in
1076 2248 1231 2348 gradibus
1260 2247 1414 2314 ecclesiae

291 2333 377 2400 beati
404 2334 493 2399 Petri
522 2344 632 2416 oritur,
661 2333 868 2398 vulnerantur
894 2333 1013 2418 plures,
1043 2332 1173 2418 quidam
1203 2333 1413 2398 trucidantur.

291 2418 388 2500 Quod
409 2439 483 2482 cum
506 2417 636 2482 auribus
661 2419 746 2502 regis
773 2418 973 2500 innotuisset,
1003 2417 1175 2482 concilium
1202 2417 1413 2500 disturbatur,

291 2499 486 2588 apostolicus
509 2523 582 2565 cum
604 2499 818 2566 cardinalibus
841 2501 929 2586 regie
955 2503 1120 2567 custodiae
1147 2501 1186 2566 de
1212 2512 1328 2577 utatur,
1351 2501 1414 2566 Ro-

291 2588 379 2650 mani
407 2593 494 2650 11111
544 2595 651 2651 ontem
682 2584 764 2651 ultra
780 2585 934 2671 Tyberim
956 2585 1137 2672 diffugiunt.
1204 2585 1298 2650 adem
1319 2594 1414 2650 nocte

291 2679 358 2734 tota
385 2670 497 2734 civitas
555 2671 750 2734 ateranensis
781 2669 921 2734 tumultu
948 2668 1063 2734 bellico
1090 2671 1281 2735 concutitur.
1333 2667 1414 2736 Orto

291 2775 386 2818 mane
408 2755 522 2818 erectis
544 2754 643 2839 signis
658 2753 889 2820 Lateranenses
911 2754 1105 2819 unanimiter
1125 2775 1233 2839 regern
1252 2777 1294 2819 ex
1307 2754 1415 2839 inpro-

291 2839 360 2902 viso
383 2837 551 2920 invadunt,
575 2835 763 2902 cubicrdarii
783 2860 860 2902 vero
881 2839 968 2924 regis
992 2859 1081 2902 arma
1102 2838 1288 2922 corripiunt,
1310 2836 1414 2902 multi·

291 2921 395 2986 tudini
415 2922 551 2986 viriliter
571 2923 732 2987 resistunt.
768 2922 841 2986 Rex
861 2943 938 2987 vero
962 2930 995 2986 et
1013 2924 1099 2987 acies
1113 2943 1172 2987 sua
1186 2923 1251 2985 iam
1266 2921 1414 3004 adaucta,

293 3026 355 3092 que
376 3007 410 3068 in
431 3006 544 3091 primis
564 3028 638 3071 rara
666 3014 742 3086 erat,
768 3007 932 3072 venientes
959 3004 1113 3071 audacter
1140 3004 1273 3089 invadit,
1304 3027 1414 3070 occur-

292 3098 398 3155 santes
428 3088 545 3155 multos
575 3089 754 3172 obtruncat,
784 3100 907 3156 ceteros
935 3090 1035 3174 fugat.
1086 3087 1249 3189 Plenaque
1278 3090 1413 3154 victoria

291 3173 421 3261 potitus,
444 3172 607 3238 abducto(¹
628 3196 737 3239 secum
759 3174 934 3260 apostolico
957 3196 1031 3239 cum
1054 3172 1279 3252 cardinahbus,
1300 3194 1413 3238 versus

292 3256 429 3323 Albam⁰
453 3258 614 3324 civitatem
636 3259 746 3341 tendit,
769 3267 874 3324 castra
895 3259 928 3322 in
950 3259 1073 3343 campis
1094 3257 1168 3323 urbi
1190 3256 1414 3323 adiacentibus

291 3342 369 3428 figit,
391 3340 448 3406 ubi
469 3364 527 3428 per
548 3351 647 3408 totam
696 3342 952 3428 uadragesimam
982 3352 1132 3407 moratur.
1184 3341 1315 3406 interim
1337 3341 1414 3406 Rot-

291 3448 386 3512 gerus
409 3425 477 3490 dux
490 3426 629 3513 Apuliae
648 3365 913 3508 ethoamundus,
936 3426 1034 3490 irater
1053 3426 1132 3507 eius,
1154 3424 1414 3490 Normannorum

634 3588 795 3641 Reccusio
815 3587 856 3640 II.
875 3585 968 3640 codd.
989 3588 1021 3639 B.
1042 3556 1084 3640 0.Ι

630 3675 660 3738 6.
703 3674 799 3737 Anno
821 3673 955 3738 Domini
980 3674 1070 3738 1111.

365 3766 436 3816 Rex
455 3765 566 3816 Romam
585 3766 747 3828 veniens,
768 3764 802 3815 ab
822 3763 970 3832 apostolico
989 3761 1135 3836 honorifice
1157 3763 1310 3830 suscipitur.
1349 3763 1413 3815 Ubi

292 3853 364 3888 cum
378 3837 449 3889 datis
463 3840 593 3904 utrimque
606 3839 683 3904 pacis
697 3836 835 3890 obsidibus
849 3838 1083 3901 consedissent,
1096 3852 1176 3903 super
1187 3837 1309 3902 negociis
1324 3836 1412 3888 eccle-

291 3912 407 3962 siasticis
426 3912 573 3975 tractaturi,
591 3912 709 3962 factione
731 3912 904 3976 quorumdam
930 3911 1058 3962 tumultus
1084 3913 1292 3977 repentinus
1311 3925 1327 3959 a
1346 3910 1412 3962 no-

291 3991 401 4041 manis
424 3992 621 4054 excitatur,
644 3987 676 4043 et
696 3978 731 4040 11
752 3985 876 4042 tantum
890 4000 948 4043 rex
963 3977 1175 4062 angustiatur,
1197 3987 1233 4041 ut
1249 3998 1332 4075 pene
1347 3976 1412 4040 iam

290 4061 401 4147 fugam
415 4063 518 4144 iniret,
539 4062 603 4125 nisi
618 4060 817 4126 Coloniensis
832 4060 1091 4148 archiepiscopus
1106 4083 1180 4125 cum
1194 4060 1300 4125 valida
1314 4081 1413 4125 manu

291 4146 500 4210 succurrisset
521 4155 554 4210 et
567 4141 728 4210 Romanos
750 4145 893 4212 inaudita
914 4143 992 4210 cede
1014 4145 1175 4211 confectos
1195 4145 1306 4230 fugere
1327 4165 1412 4208 com·
1525 4155 1536 4166 “

290 4229 433 4316 pulisset.
466 4244 570 4294 Potitus
586 4259 650 4309 ergo
672 4243 792 4305 victoria,
815 4257 940 4308 papam
962 4242 1086 4306 abduxit3
1110 4242 1172 4294 sed
1194 4241 1411 4306 postmodum

290 4455 685 4508 a)ua.ta;nammenorug.t1.
741 4455 1294 4509 1))11111ς1111111111111111111111.
1341 4451 1412 4505 cm

290 4516 341 4558 11,
359 4517 380 4560 a
442 4515 466 4569 1)
482 4518 582 4557 secuero
598 4516 648 4558 11.
710 4515 732 4570 0)
747 4516 833 4557 areant
849 4516 899 4557 11.
