3122 4978
164 391 351 444 CHRONIOA
367 390 482 442 REGIA
502 391 754 444 OOLONIENSIS.
776 391 878 444 CONT.
890 392 930 443 11.
948 392 980 444 A.
995 393 1074 445 1203.
1088 393 1167 446 1204.
1207 397 1257 446 173

143 560 252 645 itaque
275 569 420 645 tempore
443 558 522 622 dum
548 557 751 643 depredandi
781 579 876 623 causa
902 561 944 624 ad
965 561 1037 625 loca
1060 562 1198 649 quedam
1227 585 1261 628 se

145 665 219 708 cum
235 644 302 708 suis
315 643 502 708 transferret
517 651 665 726 essetque
681 643 742 708 iter
756 654 940 728 angustum,
955 644 1062 709 arduis
1101 645 1261 710 reclusum

144 727 317 807 montibuS,
345 736 378 791 et
404 723 621 794 iamnullum
649 723 710 791 hac
738 727 792 791 vel
819 725 893 792 illac
922 668 1104 794 divertendi
1137 740 1263 816 pateret

146 811 325 896 diffugium,
349 831 424 874 ecce
448 807 622 874 familiares
645 821 677 874 et
697 811 793 874 amici
814 833 899 898 pape
922 835 997 876 cum
1019 815 1142 899 ingenti
1163 835 1262 878 manu

144 907 340 960 armatorum
373 893 479 958 subito
512 896 546 957 in
579 914 634 958 eos
667 893 742 958 hinc
775 895 904 968 atinde
937 897 1107 978 irruentes,
1139 898 1264 964 fortiter

144 1002 289 1067 pugnare
304 987 470 1065 ceperunt,
486 976 680 1063 tandemque
691 979 827 1043 victoria
844 980 947 1066 potiti,
970 980 1048 1046 alios
1066 980 1262 1064 oeciderunt,

135 1065 225 1128 alios
239 1063 498 1142 vulneraverunt,
513 1059 629 1126 multos
647 1063 742 1126 etiam
758 1084 868 1128 secum
884 1066 1028 1150 captivos
1043 1065 1262 1148 abduxerunt3

144 1151 280 1235 ipseque
301 1145 468 1232 Lupoldus
490 1167 564 1209 cum
585 1147 698 1230 paucis
719 1146 775 1210 vix
796 1147 873 1232 fuga
895 1149 1032 1234 elapsus,
1055 1170 1130 1214 cum
1144 1173 1262 1237 magno

144 1254 275 1297 suorum
298 1230 372 1294 dam
397 1251 498 1294 noae
519 1230 709 1296 detrimento
732 1233 810 1294 satis
832 1231 986 1317 probrose
1012 1255 1176 1319 regressus
1203 1244 1260 1300 est.

143 1317 363 1381 Herimannus
373 1253 637 1380 llonasteriensis
648 1315 819 1401 episcopus
834 1316 928 1400 obiit;
944 1317 997 1380 oui
1008 1339 1050 1382 ex
1065 1318 1262 1384 dissensione

145 1400 210 1465 duo
232 1408 465 1481 successerunt,
489 1397 565 1464 Otto
593 1396 715 1463 scilicet
745 1401 846 1464 maior
873 1422 931 1485 pre
956 1402 1056 1465 ositus
1077 1403 1261 1468 Bremensis

145 1484 279 1550 ecclesie
301 1485 442 1569 itemque
464 1481 649 1546 Fridericus
671 1485 853 1568 prepositus
876 1423 1091 1569 dodiaholm
1115 1486 1171 1550 sed
1184 1486 1261 1552 Otto

144 1568 265 1634 auxilio
287 1571 463 1632 amicorum
485 1567 582 1630 armis
604 1567 804 1653 episcopium
825 1567 981 1633 violenter
1002 1568 1169 1635 obtinuitl.
1350 1585 1354 1594 “

227 1653 305 1738 Ipso
342 1673 427 1717 anno
459 1649 661 1714 Balduvinus
701 1673 808 1716 comes
846 1651 1061 1734 Flandrensis,
1094 1654 1263 1720 Ounradus

143 1736 286 1812 marchio
308 1736 349 1800 de
364 1734 559 1820 Monpharra
580 1735 698 1821 aliique
720 1737 883 1822 principes
898 1747 930 1801 et
943 1737 1066 1802 nobiles
1084 1738 1263 1804 occidenta-

143 1822 222 1886 lium
236 1841 410 1906 regnorum
428 1840 553 1884 necnon
568 1827 600 1882 et
613 1817 702 1904 vulgi
724 1821 890 1906 utriusque
905 1842 1001 1884 sexus
1015 1821 1264 1888 innumerabiles

142 1916 247 1971 turme
261 1913 384 1968 armata
399 1925 498 1966 manu
513 1901 734 1968 lerosolimam
746 1902 879 1968 tendere
890 1915 1060 1991 oeperunt,
1072 1917 1263 1994 arreptoque

142 1991 266 2071 itinere,
291 2010 350 2074 per
371 1986 568 2053 Orientalem
590 1987 771 2069 Franciam,
793 1988 991 2052 Pannoniam
1013 1989 1264 2078 Bulgariamque

143 2083 363 2161 permearunt‚
386 2074 498 2170 sicque
519 2071 610 2153 gravi
631 2069 741 2136 labore
761 2094 862 2158 regno
883 2073 1099 2159 Ungariorum
1122 2097 1264 2157 emenso,

143 2158 275 2222 tandem
288 2154 598 2240 Constanunopolim
616 2155 852 2241 applicuerunt.
885 2157 957 2238 Quo
973 2157 1008 2220 in
1019 2157 1089 2222 loco
1101 2158 1263 2245 aliquanto

143 2252 288 2328 tempore
299 2242 374 2304 fixis
386 2241 530 2305 tentoriis
541 2239 725 2319 residentes,
736 2262 869 2305 werram
882 2250 914 2306 et
925 2242 1174 2307 controversiam
1186 2244 1264 2308 satis

90 2329 95 2348 '
144 2349 276 2413 gravem
299 2326 343 2389 de
362 2323 534 2410 optinendo
556 2345 657 2409 regno
672 2326 754 2388 inter
772 2325 935 2412 principes
951 2335 1033 2390 terre
1047 2325 1131 2390 illius
1147 2349 1264 2412 cogno·

144 2419 270 2492 verunt,
292 2410 426 2494 ipseque
449 2430 557 2473 comes
579 2407 796 2491 Flandrensis,
812 2422 848 2474 ut
862 2419 930 2475 erat
943 2410 995 2474 vir
1009 2412 1118 2496 magni
1139 2410 1264 2475 consilii

145 2493 265 2580 altique
291 2493 422 2577 ingenii,
450 2513 548 2557 causa
574 2493 663 2578 pacis
692 2501 724 2557 et
751 2495 921 2558 concordie
949 2516 983 2558 ae
1012 2494 1146 2559 fictuose
1168 2497 1264 2560 inter·

145 2579 262 2664 posuit,
285 2577 388 2642 donec
410 2576 549 2657 tandem,
571 2586 667 2641 nacta
688 2579 912 2662 oportunitate,
936 2587 976 2660 et,
993 2589 1029 2643 ut
1048 2600 1135 2661 reor,
1155 2579 1265 2643 divina

146 2663 211 2728 sibi
229 2662 391 2726 voluntate
412 2661 548 2742 favente,
570 2670 693 2725 armata
714 2682 812 2725 manu
832 2663 883 2727 etl
905 2663 938 2726 in
953 2661 1156 2728 multitudine
1209 2665 1264 2729 avi

147 2746 310 2812 civitatem
346 2744 659 2830 Constantinopolim
696 2747 859 2826 intravit0,
896 2746 1108 2833 omnibusque
1140 2749 1173 2810 in
1196 2747 1263 2814 abi-

145 2831 288 2897 tantibus
318 2831 432 2916 captis,
460 2830 584 2903 occisis,
613 2829 761 2916 exiliatis,
790 2830 918 2917 fugatis,
949 2853 1084 2918 regnum
1109 2831 1264 2898 violenter

148 2915 296 3005 optinuit.

380 3018 474 3080 Anno
498 3015 657 3080 dominice
672 3015 899 3082 incarnationis
919 3019 1010 3084 1204.

230 3099 313 3164 Phili
338 3101 420 3186 pusd
443 3099 510 3164 dux
533 3099 659 3181 Suevie,
681 3109 747 3163 tam
768 3103 893 3184 generis
909 3124 1006 3189 quam
1020 3124 1146 3167 morum
1161 3104 1263 3189 digni-

146 3195 211 3250 tate
241 3123 421 3271 preclarus,
451 3183 708 3249 animadvertens
735 3205 866 3249 causam
894 3208 985 3250 suam
1021 3187 1163 3253 secundo
1190 3211 1262 3286 pro-

147 3291 239 3334 cessu
260 3271 295 3333 in
316 3291 506 3355 prosperum
528 3270 581 3354 agi
604 3279 635 3334 et
656 3267 777 3354 regalia
797 3270 947 3356 insignia,
975 3291 1101 3335 crucem
1131 3270 1261 3355 scilicet,

145 3352 301 3434 lanceam,
323 3361 487 3439 sceptrum
509 3374 583 3416 cum
599 3373 717 3417 corona
731 3357 880 3439 potestati
896 3377 953 3419 sue
969 3354 1146 3420 contradita
1166 3377 1261 3419 cunc-

146 3446 259 3537 tosque
293 3437 456 3523 principes
483 3457 521 3500 ac
553 3437 710 3523 primores
744 3439 888 3500 unanimi
924 3439 1160 3525 conspiratione
1186 3461 1261 3504 oum

145 3519 223 3585 fider
245 3531 445 3586 sacramento
468 3518 547 3584 sub⁰
592 3521 660 3585 acis
682 3520 922 3586 confirmatione
943 3523 1007 3586 iam
1031 3521 1154 3586 dudum
1176 3546 1211 3588 se
1226 3525 1261 3588 in

144 3627 255 3689 regem
277 3602 423 3688 eligendo
447 3543 668 3685 concordasse,
689 3627 774 3669 nunc
788 3626 865 3669 vero
884 3605 1037 3690 possibile
1052 3629 1131 3690 esse,
1152 3629 1260 3673 rerum

145 3697 305 3752 summam
327 3688 390 3752 sibi
413 3688 526 3753 cedere
542 3692 639 3752 totius
662 3711 703 3752 ue
719 3690 812 3774 regni
826 3690 1045 3754 monarchiam
1061 3691 1102 3755 ad
1117 3713 1151 3757 se
1166 3691 1259 3757 facile

143 3795 239 3858 posse
261 3773 421 3855 devenire,
443 3772 595 3836 Adolfum
610 3711 836 3837 Cdloniensem
854 3773 1139 3861 archiepiscopum,
1155 3776 1260 3841 adhuc

144 3856 206 3921 sibi
232 3858 441 3938 resistentem,
470 3879 544 3920 cum
570 3855 640 3920 aliis
666 3855 874 3944 Lotharingie
900 3859 1092 3945 primatibus
1143 3882 1179 3925 ro
1209 3863 1259 3925 sui

143 3943 383 4006 consecratione
399 3941 527 4027 scriptis
542 3951 639 4028 atque
653 3939 866 4026 legationibus
882 3945 1073 4030 propensius
1088 3882 1259 4010 sollicitare

141 4139 164 4191 a)
185 4140 289 4183 Slaholtz
308 4142 359 4186 Aa.
418 4140 442 4194 b)
463 4147 514 4192 poet
534 4143 583 4182 aad.
603 4142 653 4182 M.
714 4141 838 4195 e)intravit
854 4167 880 4175 —
897 4143 997 4192 optinuit
1011 4145 1045 4184 ilie
1059 4147 1144 4194 omissa,
1160 4159 1182 4188 a.
1193 4146 1257 4188 12⁰⁴.

138 4205 189 4250 post
204 4202 327 4242 rever-tttur
341 4201 374 4255 (p.
390 4203 434 4242 m
448 4213 471 4243 a.
488 4201 511 4253 a)
527 4204 595 4252 siquis
610 4203 716 4252 appositis
729 4203 811 4253 scriptu
826 4209 877 4244 mat
892 4202 942 4244 ΔΞ.
983 4202 1007 4255 d)
1023 4205 1066 4245 ine.
1079 4205 1126 4247 AS.
1177 4205 1198 4258 e)
1215 4205 1257 4244 sub

1 4255 9 4526 ι
144 4281 167 4288 -
185 4262 247 4302 cont.
261 4262 333 4300 eudem
347 4273 415 4301 manu
429 4263 454 4302 ia
469 4273 539 4312 moro.
555 4262 627 4312 suppl.
643 4262 692 4302 ΔΞ.

143 4353 171 4418 1)
192 4354 232 4422 qs.
253 4354 327 4409 com.
346 4356 406 4408 ΠΙ.
