3122 4978
301 402 355 452 146
431 397 618 452 OHRONICA
637 395 751 449 REGIA
772 393 1023 448 COLONIENSIS.
1044 393 1148 446 CONT.
1167 392 1199 443 A.
1222 391 1302 443 1189.

705 569 871 622 Recenaio
891 569 915 620 Ι.
936 574 960 622 et
978 569 1020 620 II.
1086 629 1091 636 ι

301 660 399 727 aliud.
442 658 561 722 Iterato
583 679 641 742 per
662 655 741 720 alios
763 657 793 721 ei
815 655 1031 737 demandavit,
1064 675 1098 717 se
1126 661 1201 738 post
1222 651 1330 716 Deum
1352 671 1421 714 esse

303 745 467 809 dominum
491 741 735 805 dominantium.
777 739 891 804 Tercio
922 738 1095 828 [quoque2]
1126 736 1156 800 ei
1181 734 1389 800 demandavit
1397 733 1421 815 b,

327 827 424 908 uod¹,
448 827 475 889 si
497 845 631 909 regnum
653 825 873 888 Romanorum
895 823 972 888 dare
993 822 1091 888 vellet
1111 821 1144 884 in
1165 842 1279 885 manus
1302 821 1369 884 eius
1392 828 1424 882 et

305 853 348 977 db
372 932 410 976 eo
423 909 502 988 ¹loco
524 908 658 972 hominii
672 910 825 1006 recipere,
849 907 1041 972 conductum
1057 908 1106 970 ei⁰
1122 905 1213 970 daret
1232 927 1291 991 per
1305 914 1423 968 terram

305 1017 396 1061 suam
412 1003 445 1059 et
459 1002 636 1058 mercatum
649 992 823 1056 sufficiens.
851 990 904 1055 Ad
918 991 979 1056 hoc
994 993 1168 1077 imperator
1182 991 1227 1054 ita
1241 987 1422 1075 respondit:

307 1081 400 1144 ‘Eam
427 1101 444 1143 e
469 1100 486 1142 o
516 1078 549 1140 in
573 1077 710 1159 Christo,
746 1087 778 1142 et
804 1077 861 1140 ind
881 1074 1033 1141 fratribus
1063 1075 1152 1156 meis,
1183 1074 1238 1160 qui
1264 1094 1323 1159 pro
1352 1072 1422 1136 eius

307 1164 413 1229 crucis
435 1161 458 1226 h
483 1162 624 1226 eratione
645 1159 744 1225 michi
758 1160 922 1241 adherent,
944 1159 1048 1224 habeo
1062 1158 1225 1239 fiduciam,
1238 1155 1326 1244 quod
1341 1157 1423 1220 eius·

305 1247 395 1312 modi
423 1244 689 1331 compositionem
717 1265 791 1308 cum
822 1266 859 1308 eo
889 1243 995 1308 facere
1028 1265 1110 1329 opus
1128 1240 1228 1307 'nobis
1257 1263 1322 1305 non
1344 1239 1422 1305 erit'.

304 1332 367 1396 His
390 1330 495 1411 dictis,
516 1328 545 1393 le
569 1337 637 1393 atos
658 1329 693 1391 in
714 1350 794 1415 pace
817 1328 947 1396 dimisit.
992 1329 1030 1392 In
1062 1327 1175 1391 eodem
1200 1326 1337 1390 confinio
1359 1323 1423 1388 col·

304 1415 438 1482 lectores
460 1351 572 1499 pabudi
594 1412 765 1477 cenobium
780 1412 942 1499 quoddam
964 1432 1151 1497 expugnare
1173 1411 1318 1497 aggressi
1340 1417 1423 1489 sunt,

327 1498 393 1564 uod
408 1499 540 1562 summis
556 1497 657 1583 copiis
672 1519 780 1561 rerum
800 1498 1051 1562 necessariarum
1072 1495 1202 1595 plenum
1222 1497 1422 1561 invenenmt.

305 1522 366 1648 hii
387 1604 464 1647 vero
487 1582 542 1667 qui
568 1583 653 1645 intus
682 1591 773 1646 erant
797 1583 863 1645 vim
890 1591 1146 1667 oppugnantium
1175 1579 1257 1644 ferre
1278 1600 1344 1643 non
1369 1597 1422 1642 va-

306 1667 418 1748 lentes,
439 1667 546 1729 missis
567 1665 694 1729 nunciis
711 1665 765 1732 ,ad
793 1666 1028 1750 imperatorem,
1052 1666 1121 1730 eius
1148 1665 1299 1750 potestati
1328 1685 1362 1727 se
1391 1669 1423 1724 et

306 1772 365 1816 sua
378 1749 590 1815 tradiderunt.
623 1749 828 1836 Quapropter
849 1751 939 1814 iussu
960 1750 1029 1814 eius
1051 1750 1158 1814 omnia
1179 1746 1286 1813 ablata
1307 1766 1423 1829 excep-

304 1837 346 1900 tis
369 1833 562 1899 victualibus
586 1842 784 1932 receperunt.
826 1834 931 1898 Tanta
954 1843 1061 1902 autem
1082 1833 1247 1897 inundatio
1271 1828 1423 1895 imbrium

307 1929 420 1984 exorta
442 1919 546 1983 estin
568 1927 689 2002 castus,
719 1917 805 2004 quod
826 1919 990 1982 civitatem
1019 1919 1138 1983 intrare
1160 1915 1317 2003 compulsi
1339 1925 1423 1996 sunt,

305 2004 504 2088 nunciusque
526 2003 727 2088 imperatoris
754 2003 911 2088 transiens
957 2025 992 2067 er
1035 2001 1134 2068 lateas
1156 2000 1291 2086 singulis
1313 2021 1423 2064 secun-

307 2086 386 2151 dum
419 2087 505 2173 quod
538 2085 706 2173 oportebat
726 2087 909 2152 mansiones
931 2025 1102 2152 distribuit.
1148 2084 1293 2150 Armenii
1326 2085 1423 2150 etiam

307 2192 567 2258 quaquaversum
595 2171 770 2253 venientes,
802 2180 979 2236 mercatum
1002 2170 1068 2235 eis⁰
1090 2168 1423 2235 habundantissimam

304 2257 339 2320 in
361 2254 509 2320 omnibus
542 2255 748 2340 prebuerunt.
792 2253 939 2341 Oumque
967 2257 1100 2319 iuvenes
1129 2253 1259 2340 quidam
1277 2251 1424 2316 animosi

306 2340 346 2404 de
368 2340 511 2404 exercitu
532 2347 710 2402 mercatum
732 2360 746 2401 s
772 2337 914 2419 oliarcnt,
938 2348 1095 2426 quotquot
1117 2361 1159 2402 ex
1180 2339 1226 2402 eis
1247 2339 1321 2423 capi
1335 2344 1424 2422 pote-

305 2431 378 2487 rant
398 2423 489 2486 iussu
509 2423 711 2507 imperatoris
756 2420 881 2486 ecollati
904 2433 986 2488 sunt.
1036 2424 1140 2487 Tanta
1160 2444 1236 2488 vcro
1259 2431 1328 2488 erat
1353 2421 1422 2484 eius

305 2504 340 2572 in¹
361 2505 534 2571 iudicando
556 2507 719 2588 severitas,
764 2505 829 2571 uod
850 2506 968 2571 nullius
990 2529 1104 2593 preces
1125 2508 1159 2570 in
1175 2505 1293 2571 iudicio
1309 2504 1423 2570 admit

305 2589 395 2656 tebet
429 2610 489 2654 nec
521 2611 692 2676 personam
757 2590 860 2654 rcuius
892 2589 1099 2676 respiciebat,
1133 2591 1237 2656 sciens
1270 2590 1421 2677 quoniam

306 2674 402 2738 bonis
423 2681 519 2738 nocet
539 2674 595 2759 qui
617 2672 709 2738 malis
731 2675 844 2759 parcit,
868 2684 900 2739 et
921 2678 998 2761 quia
1019 2675 1157 2739 facilitas
1178 2675 1292 2740 veniae
1313 2675 1420 2737 incen-

306 2757 416 2822 diumf
437 2758 550 2822 tribuit
571 2755 787 2842 delinquendi.
837 2757 938 2824 Ouius
959 2761 1005 2824 rei
1026 2761 1131 2844 gratia
1151 2758 1298 2822 Armenii
1319 2757 1422 2822 delec-

306 2843 375 2924 tati,
412 2841 516 2925 magis
552 2862 590 2904 ac
625 2843 728 2926 magis
764 2845 945 2908 necessaria
980 2843 1191 2908 advehebant.
1243 2843 1423 2929 Imperator

307 2935 414 2990 autem
436 2946 495 2988 sua
517 2934 549 2990 et
569 2923 748 3010 legatorum
764 2949 894 2992 suorum
908 2929 1025 2992 iniuria
1038 2936 1212 3014 permotus,
1234 2926 1422 3012 vidensque,

306 3020 387 3074 rex&
410 3010 487 3094 quia
507 3007 627 3072 nullam
649 3010 716 3073 suis
742 3011 804 3074 nisi
834 3022 963 3076 coactus
985 3013 1216 3076 humanitatem
1246 3011 1422 3091 exhiberet,

307 3093 416 3158 statuit
436 3094 469 3156 in
492 3114 629 3178 regnum
650 3095 719 3158 eius
741 3093 959 3160 vehementius
981 3099 1162 3182 insurgere3
1192 3115 1423 3179 assumensque

306 3186 432 3264 partem
461 3179 630 3260 exercitus,
660 3181 817 3265 processit
844 3201 956 3245 versus
984 3178 1295 3266 Andronopolimh·².
1340 3178 1422 3241 Eam

306 3282 442 3327 vacuam
472 3272 504 3326 et
532 3261 573 3326 ab
605 3260 720 3327 incolis
753 3264 935 3348 nuperrime
968 3264 1129 3328 desertam
1158 3263 1288 3329 invenit.
1342 3262 1425 3325 Erat

193 3356 417 3411 aversantem
436 3356 564 3432 tempus
585 3345 729 3427 hiemale,
752 3347 838 3410 circa
858 3347 974 3411 festum
990 3346 1110 3413 scilicet
1128 3357 1256 3412 sanctae
1272 3345 1423 3411 Oeciliae.

307 3429 387 3494 Dux
408 3431 505 3494 etiam
528 3429 667 3495 Sueviae
690 3451 762 3494 cum
797 3431 989 3517 quibusdam
1021 3454 1168 3518 egressus
1200 3453 1260 3517 pro
1316 3429 1423 3512 abulo,

307 3514 445 3578 accessit
466 3512 723 3596 Dimodicam³·³,
753 3514 1022 3602 demandavitque
1049 3515 1179 3595 urbicis,
1201 3525 1237 3580 ut
1259 3453 1321 3579 aidi
1343 3515 1421 3578 suis-

308 3621 371 3685 que
392 3605 569 3662 mercatum
589 3598 769 3682 preberent.
814 3598 911 3679 Quod
934 3601 1029 3663 curnb
1051 3598 1096 3662 illi
1124 3600 1229 3664 facere
1244 3594 1424 3664 dissimula-

306 3691 387 3762 rent,
409 3683 554 3746 accensis
575 3681 691 3746 animis
713 3683 809 3748 iussit
830 3705 904 3747 suos
931 3685 1058 3767 armari,
1088 3692 1120 3748 et
1145 3684 1224 3748 hora
1251 3682 1316 3748 diei
1337 3702 1425 3746 nona

305 3775 438 3851 repente
460 3786 630 3849 aggressus
652 3766 824 3851 civitatem,
857 3769 903 3834 ita
924 3766 1039 3832 celeri¹
1062 3768 1182 3853 potitus
1211 3776 1259 3832 est
1279 3765 1425 3848 victoria,

307 3849 394 3934 quod
426 3847 468 3911 ad
489 3869 656 3933 vesperam
687 3859 780 3937 capta
813 3852 944 3916 civitate
974 3849 1169 3916 habitatores
1201 3874 1283 3937 pene
1313 3871 1426 3915 omnes

307 4009 331 4062 a)
347 4013 402 4051 dccet
417 4011 472 4052 B.0
539 4009 561 4062 b)
579 4012 696 4052 mandavit
711 4012 761 4052 At.
823 4013 843 4067 c)
858 4016 913 4055 deest
929 4015 975 4054 Ar.
1036 4014 1124 4067 Μαι
1140 4017 1181 4058 02.
1242 4013 1323 4065 c)etus
1340 4015 1386 4053 131.
1404 4013 1427 4056 2.

308 4071 350 4111 01.
370 4071 389 4110 2.
429 4067 606 4119 oinccuttvum
621 4071 754 4112 satiandum
770 4084 820 4125 esse,
836 4075 880 4113 iam
895 4075 1003 4114 Fraterno
1018 4075 1077 4116 vidit.
1117 4074 1140 4126 ε)
1159 4085 1177 4114 r.
1194 4085 1215 4124 q.
1232 4075 1258 4117 B.
1276 4074 1297 4116 0.
1337 4073 1361 4124 h)
1377 4074 1425 4114 An·

307 4129 459 4181 dronopolym
476 4129 521 4179 025
543 4128 697 4180 Andropoltm
718 4132 760 4172 01.
834 4131 853 4184 i)
868 4134 1013 4174 Dunodicam
1034 4134 1074 4174 08.
1149 4133 1173 4183 k)
1188 4133 1243 4173 dcccc
1265 4133 1355 4183 131.a;
1375 4137 1427 4182 poet

306 4198 413 4238 superea.
431 4189 472 4232 02.
534 4188 551 4241 l)
566 4190 647 4229 sceleri
661 4189 711 4230 Bl.
728 4191 777 4240 013
794 4192 938 4242 secleriB23
955 4193 1026 4234 calori
1041 4203 1052 4231 ι
1067 4203 1124 4234 corr.
1142 4194 1186 4234 02.

310 4317 480 4447 lfflecttea
488 4321 570 4388 sama
585 4321 686 4374 incerta
700 4321 788 4374 relata
804 4330 874 4374 sunt.
930 4324 959 4390 2)
975 4321 1183 4390 Adrioaopolc‘a.
1237 4324 1267 4393 3)
1285 4326 1429 4379 Demotieoe

308 4411 325 4444 o
397 4411 518 4446 ansam.
