3098 4982
322 379 376 430 att
442 377 621 431 GHRONICI
640 378 804 429 RHYTHM.
824 376 1067 430 COLONIENSIS
1086 376 1317 429 FRAGMENTA.

433 562 450 611 5
473 546 549 622 (lui
570 553 646 609 tunc
669 543 825 610 vidissent
846 545 892 610 sio
914 545 1028 610 cedere
1049 543 1167 609 vilibus
1188 543 1278 609 aulas

467 628 578 712 Urbis,
601 628 770 717 ris[issent]
795 627 905 695 solitos
928 629 991 695 sibi
1012 628 1133 776 finpere
1156 627 1275 694 caulas.

469 716 576 780 Antea
597 713 680 802 s[aro
695 714 763 777 inas
787 723 956 801 operantes
980 714 1035 800 qui
1067 723 1227 796 atuerunt,

469 799 564 863 Nunc
588 797 676 947 qspar
689 809 770 897 gunt
791 799 894 862 iuncis
917 819 1071 879 cameras,
1094 819 1174 885 quas
1195 796 1411 863 incoluerunt.

469 883 575 948 Antea
619 905 647 946 rs
690 904 762 947 mos
785 881 910 947 calcant
931 880 1206 968 ewangelizantes‚

413 984 447 1032 10
471 967 565 1032 Nunc
586 966 691 1053 Agrip
716 967 787 1031 inos
809 966 955 1032 dominos
978 988 1012 1031 se
1056 965 1260 1032 lorificantes.

467 1051 574 1117 Antea
596 1073 630 1116 se
652 989 777 1137 pedites
799 1053 913 1138 inopes
935 989 1105 1116 formidine
1127 1051 1264 1150 fingunt,

469 1136 579 1201 Aurea
599 1157 685 1199 nunc
707 1137 830 1222 equites
852 1135 952 1200 veluti
974 1134 1111 1200 calcaria
1133 1143 1303 1221 stringunt.

471 1222 577 1285 Antea
592 1220 648 1319 qui
664 1218 826 1302 suberant,
848 1219 986 1306 pedibus
1003 1222 1095 1307 quasi
1132 1242 1223 1285 ressa
1237 1217 1391 1300 scabella,

469 1304 565 1369 Nunc
586 1305 647 1368 hris
671 1304 727 1390 qui
749 1315 899 1390 preerant
920 1303 1040 1369 audent
1060 1305 1094 1368 in
1117 1305 1201 1369 icere
1224 1301 1317 1368 bella.

413 1405 447 1454 15
469 1388 575 1453 Antea
596 1387 683 1452 nulla
706 1390 793 1453 sonis
815 1389 873 1453 hos
896 1389 1007 1453 concio
1030 1389 1112 1453 scire
1135 1386 1259 1453 solebat

470 1472 565 1537 Nunc
589 1471 757 1559 splendent
777 1473 910 1555 thronis,
932 1473 988 1537 ubi
1010 1471 1160 1538 nobilitas
1183 1436 1354 1538 residebat.

470 1557 576 1621 Antea
598 1579 671 1621 cum
693 1556 825 1642 paribus
848 1557 903 1642 qui
926 1579 1121 1622 consuevere
1143 1558 1285 1638 subesse,

471 1641 563 1706 Nunc
586 1642 678 1727 quasi
698 1640 902 1728 principibus
924 1650 973 1706 est
994 1641 1055 1705 hiis
1101 1663 1190 1706 arere
1212 1661 1356 1706 necesse.

470 1727 577 1790 Antea
599 1747 677 1825 quos
701 1735 808 1810 patres
830 1725 937 1791 medio
960 1725 1000 1790 de
1022 1664 1125 1824 plebis
1147 1724 1285 1806 alebant,

413 1826 447 1875 20
470 1810 564 1875 Nunc
586 1810 708 1875 sociant
730 1820 847 1875 matres
870 1820 902 1875 et
923 1831 1116 1895 consprouas
1138 1810 1311 1875 faciebant.

469 1894 577 1959 Antea
620 1916 655 1959 ro
678 1894 770 1958 donis
794 1916 891 1980 quem
914 1894 1044 1979 cirpea⁸
1066 1893 1129 1958 tela
1149 1893 1289 1979 tegebat,

470 1979 564 2043 Nunc
610 2001 627 2042 e
648 1980 784 2064 pavonis
806 1979 920 2064 pennis
942 1978 1030 2042 frons
1051 1978 1123 2043 vela
1143 1977 1277 2044 ferebat.

470 2063 575 2127 Antea
598 2065 652 2148 qui
675 2063 864 2127 modicis.te
890 2065 1004 2126 mentis
1026 2061 1146 2149 templa
1168 2062 1330 2149 petebant,

470 2148 564 2212 Nunc
585 2147 685 2210 variis
708 2148 819 2212 sericis
843 2086 1000 2232 frdgentes
1022 2156 1111 2212 veste
1133 2147 1310 2213 timebant.

412 2246 447 2295 25
469 2232 576 2296 Antea
597 2253 656 2318 per
677 2241 779 2312 natas,
803 2232 906 2296 socias
929 2253 1057 2317 quoque
1079 2231 1172 2296 lanea
1192 2231 1323 2314 nebant,

472 2317 566 2382 Nunc
588 2316 646 2380 has
669 2327 798 2382 ornatas
820 2315 985 2402 generosis
1006 2314 1236 2380 anteferebant.

470 2402 577 2466 Antea
600 2400 655 2485 qui
675 2402 799 2465 victum
822 2399 999 2487 querebant
1020 2410 1098 2482 arte,
1120 2399 1240 2480 labore,

470 2486 564 2550 Nunc
586 2483 664 2549 dant
685 2483 827 2549 edictum
849 2483 1044 2569 publicoque
1066 2484 1215 2549 fruuntur
1235 2483 1369 2552 honore.

471 2571 576 2634 Antea
598 2590 697 2654 quam
717 2567 793 2634 ville
814 2568 934 2653 gradus
955 2568 1087 2632 inferior
1107 2570 1274 2651 retinebat,

413 2665 448 2712 30
471 2653 565 2717 Nunc
588 2651 686 2718 veluti
709 2651 786 2717 Sille
808 2650 900 2738 plebs
922 2662 1067 2739 tempore
1089 2661 1204 2716 cuncta
1224 2651 1406 2738 premebat.

470 2736 575 2802 Antea
597 2735 761 2821 dampnati
784 2734 912 2800 sceleris
935 2736 1130 2823 quidamque
1151 2737 1264 2822 fugati,

471 2821 564 2885 Nunc
588 2819 752 2885 sublimati
774 2820 863 2904 fiunt,
886 2821 1009 2885 meritis
1035 2822 1125 2908 quasi
1147 2822 1239 2907 grati.

470 2904 578 2970 Antea
599 2903 738 2971 discreto
761 2904 1039 2970 conscendebatur
1060 2907 1093 2969 in
1114 2905 1225 2987 altum,

471 2988 565 3053 Nunc
587 2989 714 3075 penitus
738 3000 846 3089 spreto
867 2988 1029 3054 faciebant
1051 2990 1162 3055 ordine
1184 2989 1309 3060 saltum,

412 3084 446 3133 35
468 3071 574 3138 Antea
595 3075 733 3138 maiores
755 3073 911 3138 iuveniles
932 3075 982 3138 ius
1006 3074 1191 3157 docuerunt,

471 3157 631 3244 Nuncque
652 3179 711 3307 per
733 3180 856 3224 errores
879 3159 1001 3223 dictant
1023 3181 1086 3244 que
1106 3181 1171 3223 non
1193 3157 1388 3225 didicerunt.

471 3241 578 3308 Antea
599 3263 655 3327 pre
668 3243 713 3307 ati
735 3243 833 3328 digno
856 3242 917 3306 sub
939 3242 1060 3308 honore
1081 3243 1220 3325 fluerunt,

469 3327 564 3391 Nunc
586 3325 768 3392 inhonorati
790 3335 934 3391 nostrum
956 3349 1067 3391 casum
1089 3326 1266 3393 doluerunt.

470 3409 576 3476 Antea
597 3410 747 3476 nobilitas
768 3413 824 3498 pia
845 3411 1087 3496 predominatur
1108 3413 1140 3475 in
1162 3410 1251 3492 urbe,

412 3505 447 3555 4ο
470 3495 564 3560 Nunc
586 3494 671 3560 mala
692 3496 852 3560 rusticitas
874 3496 963 3582 viget
985 3506 1016 3562 et
1038 3498 1086 3560 vis
1107 3497 1225 3562 tradita
1246 3493 1350 3560 turbe.

469 3577 576 3645 Antea
596 3601 660 3644 non
682 3589 758 3645 nota
779 3579 905 3664 magnis
926 3579 1018 3665 plebs
1040 3590 1088 3646 est
1110 3581 1282 3666 operatrix,

469 3663 563 3728 Nunc
587 3664 686 3730 claret
706 3673 775 3730 tota
795 3662 909 3750 prelati
932 3663 1139 3729 consiliatrix.

470 3747 575 3813 Antea
597 3746 732 3814 florebat
752 3749 855 3813 virtus
879 3796 1042 3819 ......
1066 3770 1128 3832 sos,

469 3831 603 3896 Nunch
628 3879 1042 3900 ..............
1050 3833 1064 3875 ¹³

410 3925 445 3976 45
467 3917 564 3988 llinc
587 3919 730 4003 equitum
751 3917 820 3981 nati
839 3915 953 3980 fratres
975 3918 1015 3982 de
1038 3914 1165 3982 Sande¹
1189 3918 1294 3981 vocati

469 3999 544 4064 Hiis
567 4001 729 4087 captivati,
752 4008 827 4065 sunt
847 3999 934 4065 illico
956 4001 1145 4087 decapitati;

471 4083 609 4166 Quando
631 4107 743 4171 preces
765 4085 833 4149 dire
854 4084 1008 4151 festinant
1029 4095 1131 4150 morte
1153 4085 1267 4172 preire,

469 4167 622 4234 Parentes
644 4170 701 4253 ire,
723 4169 801 4234 dant
821 4169 880 4233 hos
903 4170 971 4235 sinc
993 4170 1061 4236 iure
1083 4170 1198 4256 perire.

323 4291 346 4346 a)
362 4297 378 4336 ι’.
394 4305 412 4336 e.
427 4296 527 4347 scirpea.
588 4293 612 4347 b)
628 4297 714 4347 reliqua
728 4297 821 4340 absona.

327 4390 355 4456 1)
377 4388 430 4453 oa·
449 4391 515 4443 azau
534 4392 567 4445 a
585 4391 735 4446 sanatae.
769 4392 804 4444 n.
