3122 4978
203 392 392 446 CHRONICA
404 393 517 445 anem
532 393 783 446 COLONIENSIS.
805 393 907 448 CONT.
919 395 957 445 11.
978 395 1009 448 A.
1022 396 1101 446 120⁷.
1113 395 1193 449 1208.
1233 367 1285 446 1d3

164 561 317 628 instantia
353 561 504 648 omnique
539 528 710 626 fidelitate¹
732 583 863 628 causam
900 563 1001 647 ipsius
1037 586 1133 650 agere
1169 563 1286 630 debeat

165 647 302 731 gratiam
326 667 366 710 ue
388 667 474 732 pape
495 653 561 708 tam
582 646 645 732 ipsi
667 668 762 733 quam
779 646 896 711 Adolfo
918 647 1162 734 archiepiscopo
1184 648 1284 735 impe·

164 741 249 795 trare
270 667 394 800 debeat.

402 830 497 895 Anno
520 831 679 896 dominice
700 833 928 898 incarnationis
952 834 1044 899 1208.

247 933 286 998 ln'
308 955 387 998 cena
401 934 535 998 Domini
552 935 620 1000 vise
643 944 717 1000 sunt
738 946 802 1001 tres
825 935 899 1000 lune
920 936 955 998 in
971 935 1114 1001 Saxonia
1135 934 1281 1022 pluribus
1292 957 1348 1010 aar.
1357 959 1379 1006 e.

162 1019 197 1082 in
216 1016 295 1082 locis
324 1039 502 1106 avespera
529 1041 631 1105 usque
660 1041 752 1084 mane
779 1021 885 1105 girare
914 1019 1162 1103 firmamentum,
1189 1030 1221 1086 et
1247 1022 1282 1084 in

163 1102 269 1167 media
305 1124 435 1166 crucem
468 1102 715 1188 pulcherrimam
749 1113 780 1168 et
814 1105 891 1168 satis
924 1126 1085 1190 magnam,
1122 1105 1157 1168 in
1189 1105 1281 1169 cuius

162 1186 267 1251 medio
289 1186 514 1251 nichilominus
536 1209 617 1250 cmx
642 1187 827 1273 permodica
845 1189 1006 1275 apparuit,
1029 1209 1101 1276 que,
1123 1189 1282 1275 superiori

163 1292 263 1334 cornu
284 1269 402 1352 ablato,
432 1272 534 1336 tribus
558 1280 704 1336 constare
724 1271 908 1356 videbatur3
937 1273 1023 1337 unde
1050 1281 1185 1337 mortem
1207 1273 1281 1337 Phi-

159 1353 241 1502 lippi
263 1356 358 1440 regis,
415 1378 455 1420 ue
486 1357 520 1418 in
549 1356 642 1420 brevi
668 1354 866 1504 subsequuta
895 1366 952 1438 est,
986 1357 1118 1444 quidam
1147 1356 1282 1442 intelligi

159 1459 200 1503 vo
213 1449 338 1504 uerunt.
406 1462 452 1505 rse
468 1449 543 1504 sunt
557 1441 654 1504 etiam
669 1440 806 1506 scintile
828 1441 1000 1506 candentes
1022 1462 1282 1529 quaquaversum

159 1523 194 1586 in
222 1545 296 1588 aere
323 1522 467 1590 volantes
495 1524 699 1589 circumferri.
785 1524 954 1611 Philippus
983 1548 1051 1608 rex,
1085 1547 1181 1612 quam
1206 1546 1281 1589 uam

160 1615 244 1672 etate
270 1609 405 1691 iuvenis,
438 1610 583 1695 potentia
614 1617 722 1674 tamen
755 1608 860 1675 clarus
891 1610 1069 1695 et‘pietote
1095 1547 1280 1695 precellens,

160 1691 248 1756 domi
269 1690 452 1792 miliciaque
476 1694 626 1779 optimus,
657 1693 805 1778 largitate
832 1715 963 1758 serenus
990 1702 1022 1758 et
1050 1694 1192 1759 omnium
1218 1694 1281 1758 vir-

161 1786 264 1841 tutum
296 1776 444 1862 insigniis
476 1779 660 1864 precipuus,
694 1800 714 1841 a
745 1779 887 1864 palatino
915 1778 955 1842 de
981 1777 1279 1863 Wittinlingisbach

160 1859 332 1925 crudeliter
363 1872 395 1926 et
431 1860 513 1946 proh
546 1860 651 1926 dolori
688 1861 823 1926 nimium
861 1860 1086 1927 miserabiliter
1122 1862 1281 1926 occiditur

158 1943 271 2030 vigilia
285 1943 438 2010 Iohannis
453 1944 602 2032 baptiste.
645 1945 741 2011 Unde
763 1945 832 2011 dux
846 1947 978 2011 Boemie
1001 1947 1163 2032 ceterique
1185 1946 1279 2010 amici
1290 1971 1341 2012 aa.
1351 1971 1388 2012 ss.

159 2036 193 2092 et
215 2029 344 2114 cognati
367 2032 435 2094 eius
458 2028 498 2093 de
521 2039 621 2094 morte
643 2028 716 2094 talis
738 2052 777 2094 ac
803 2033 884 2095 tanti
913 2031 1070 2116 principis
1093 2052 1189 2129 quam
1210 2029 1280 2115 plu·

159 2113 275 2176 rimum
304 2113 518 2195 condolentes,
545 2123 611 2179 tam
635 2135 710 2176 uam
737 2115 917 2178 inauditum
942 2115 1067 2178 facinus
1096 2114 1279 2200 1npunitum

159 2199 295 2262 transire
317 2221 382 2262 non
403 2199 572 2283 patientes,
594 2220 632 2262 ur
656 2221 700 2279 es,
724 2197 854 2264 castella
875 2208 907 2263 et
928 2200 1035 2263 omnia
1057 2221 1120 2284 que
1142 2197 1281 2284 predicti

159 2280 293 2366 palatini
329 2304 400 2347 esse
437 2291 585 2368 poterant
616 2283 807 2368 diripiendo,
843 2282 1076 2347 concremando
1110 2282 1280 2346 devastare

159 2375 322 2451 ceperunt,
355 2367 527 2453 ipsumque
555 2367 698 2430 unanimi
726 2367 962 2454 conspiratione
990 2367 1205 2454 insequentes,
1239 2366 1279 2430 de

159 2447 230 2513 loco
266 2450 308 2513 ad
344 2450 451 2516 locum
480 2450 652 2536 profugum
685 2451 834 2517 incedere
867 2449 1099 2537 compulerunt.
1185 2450 1281 2514 Estas

158 2531 238 2598 levis
261 2543 293 2598 et
314 2535 408 2617 sicca,
436 2533 549 2599 fertilis
578 2547 610 2601 ct
637 2533 750 2616 calida,
781 2535 862 2599 adeo
891 2545 927 2600 ut
955 2533 1112 2598 maldrum
1143 2532 1279 2619 siliginis

159 2618 180 2682 6
213 2615 318 2701 libris,
352 2620 371 2685 7
401 2618 539 2684 denariis
573 2629 740 2685 emeretur.
826 2619 999 2684 Heinricus
1032 2619 1101 2682 dux
1133 2618 1278 2683 Lovanie

159 2701 287 2766 hortatu
310 2712 341 2767 et
362 2704 516 2768 instinctu
541 2705 626 2790 regis
648 2704 804 2768 Francie¹
833 2724 958 2768 necnon
986 2712 1017 2767 et
1042 2704 1161 2787 regine,
1194 2703 1280 2789 regis

159 2781 303 2872 Philippi
324 2787 480 2872 coniugis,
510 2809 569 2873 pro
596 2787 770 2872 optinendo
799 2810 899 2874 regno
951 2786 1087 2852 ucsdam
1116 2788 1280 2884 principes

159 2869 362 2956 interpellare
376 2879 580 2957 pertemptat.
625 2872 691 2936 Sed
707 2873 857 2937 Brunone
880 2809 1136 2958 archiepiscopo,
1160 2870 1280 2936 Sifrrdo

159 2955 382 3041 Mogonciensi
408 2954 659 3042 archiepiscopo,
715 2957 749 3019 ui
775 2978 812 3021 eo
841 2967 993 3040 tempore,
1024 2965 1139 3041 utputa
1168 2955 1281 3019 divina

160 3039 351 3138 disponente
408 3038 600 3120 rovidentia,
640 3039 680 3103 de
693 2978 812 3103 qRoma
871 3043 967 3105 ariter
1004 3041 1215 3121 advenerant,
1248 3048 1281 3104 et

159 3123 313 3187 Heinrieo
348 3062 490 3208 palatino
525 3121 659 3208 aliisque
692 3145 788 3208 quam
817 3062 964 3270 plirribus
992 3124 1186 3188 unanimiter
1215 3120 1278 3187 sibi

159 3206 390 3290 resistentibus,
417 3227 437 3269 a
458 3227 557 3290 regno
587 3209 734 3271 cessavit.
849 3229 928 3271 runo
952 3206 1153 3271 Coloniensis
1175 3207 1276 3271 archi-

158 3291 267 3376 episco
292 3313 330 3354 us
347 3290 426 3355 obiit
439 3291 470 3354 4.
486 3290 595 3355 Nonas
606 3291 780 3356 Novembr.
836 3345 838 3352 s
865 3291 904 3355 In
925 3289 1007 3354 festo
1029 3291 1131 3354 sancti
1145 3289 1277 3354 Martini
1287 3316 1342 3358 nov.
1354 3318 1388 3358 ιι.

158 3375 247 3460 apud
269 3313 513 3440 lhanlrenvorta
537 3375 627 3438 curia
648 3375 728 3440 adeo
751 3374 884 3440 celebris
912 3372 1023 3438 habita
1045 3383 1102 3455 est,
1130 3383 1166 3438 ut
1188 3374 1277 3459 quin-

158 3459 315 3544 quaginta
342 3460 485 3546 quinque
511 3459 675 3544 principes
702 3458 768 3523 illic
795 3459 984 3524 convenisse
1010 3456 1232 3543 probarentur,
1259 3478 1279 3520 a

158 3543 278 3628 quibus
306 3543 455 3608 omnibus
478 3541 556 3608 Otto
583 3565 642 3606 rex
668 3544 777 3609 votiva
804 3541 979 3607 concordia
1006 3550 1039 3606 et
1065 3540 1210 3604 unanimi
1231 3541 1278 3604 in-

158 3627 335 3712 spiratione
356 3627 389 3690 in
411 3649 519 3713 regem
543 3637 593 3692 est
614 3625 792 3693 declaratus
814 3637 846 3691 et
866 3628 901 3691 in
915 3648 1016 3711 regno
1031 3625 1167 3690 feliciter
1181 3623 1278 3689 subli-

159 3719 265 3774 matus
275 3721 297 3776 ¹.
342 3711 460 3797 Sicque
487 3710 597 3776 divina
619 3710 680 3775 sibi
706 3711 833 3776 favente
861 3709 1031 3775 clementia
1059 3710 1158 3774 totius
1187 3713 1278 3796 regni

157 3793 377 3859 monarchiam
400 3794 486 3858 solus
509 3796 657 3879 optinuit.
699 3796 750 3860 Ibi
773 3797 869 3860 etiam
884 3795 1048 3882 Philippil
1070 3794 1156 3880 regis
1178 3793 1278 3858 filiam

157 3997 184 4052 a)
199 3998 346 4040 Franckcnv.
363 3996 402 4038 At
423 3998 462 4038 hoc
481 3999 533 4041 loeo.
594 3997 618 4049 b)
634 3998 728 4050 Philus.
745 3998 794 4040 ΑΞ.

161 4172 192 4240 1)
213 4171 252 4239 ty.
272 4171 452 4224 Wakelmaaa
471 4170 513 4236 Il,
528 4188 558 4238 p.
581 4171 642 4222 118.
726 4169 755 4239 2)
775 4170 821 4223 Ita
838 4179 906 4224 recte
931 4189 998 4238 quae
1018 4178 1082 4224 tuuc
1101 4173 1278 4240 Francosurti

155 4252 235 4314 qesta
263 4253 325 4296 suat
357 4252 449 4296 auctor
479 4242 625 4312 eaprimare
658 4243 779 4305 videtum
815 4261 878 4295 acm
913 4243 1031 4299 Ottoaem
1060 4263 1155 4299 reuera
1184 4247 1278 4298 iterum

162 4335 217 4371 ease
237 4319 353 4381 ebatum,
377 4334 410 4370 ae
428 4315 462 4369 iis
486 4317 591 4384 quidem
610 4334 679 4384 quoe
704 4316 883 4370 Wialelmcaa
903 4318 944 4382 II,
958 4336 989 4385 p.
1010 4319 1065 4372 480
1084 4337 1140 4387 sqq.
1160 4320 1280 4386 esposuit

156 4408 307 4458 persuasus
326 4408 393 4444 sam.
