3102 4978
292 437 357 488 XIV
580 433 768 487 ennomus
787 433 900 488 REGIA
921 434 1173 488 COLONIENSIS.

379 604 493 670 Codici
512 602 568 666 Bl
593 603 629 667 n·
647 603 825 688 praemissi
847 612 923 666 sunt
946 625 1077 667 versus:

419 705 557 771 Oronioa
579 705 670 769 dicor
691 725 762 803 ego,
785 703 953 769 mendacia
976 715 1090 770 cuncta
1112 704 1230 791 relego,

482 787 595 852 Mundi
617 790 777 874 prinoip1o
800 791 954 875 temporis
976 800 1048 854 acta
1071 790 1146 854 scio.

418 873 536 937 Munus
558 874 701 936 munifici
724 872 867 938 custodis
889 873 1080 939 Theoderici

481 956 578 1022 Letor
598 979 658 1043 ego
681 957 760 1040 dici3
783 959 902 1042 pagina
923 957 1019 1044 plana
1040 959 1147 1022 michi.

417 1039 602 1124 Pantaleon,
625 1040 742 1106 multos
764 1041 893 1108 codices
916 1065 933 1107 e
957 1065 998 1108 ue
1020 1043 1117 1107 michi
1140 1042 1252 1124 cultos,

482 1125 570 1206 Quos
592 1125 669 1191 fecit
691 1123 799 1208 scribi,
822 1065 957 1192 contulid
977 1129 1037 1194 iste
1058 1127 1131 1191 tibi!

417 1209 498 1274 Auri
521 1209 689 1296 splendore
711 1210 791 1275 nitet
812 1232 877 1292 nra,
900 1211 1079 1298 chorusque
1102 1209 1217 1292 colore,

481 1293 591 1360 Theca
612 1293 721 1358 libris:
743 1293 841 1360 studii
863 1304 937 1360 sunt
958 1297 1020 1360 tria
1042 1296 1135 1380 signa
1157 1297 1213 1381 pii.

377 1397 441 1460 His
464 1419 530 1460 non
554 1407 716 1462 auctorem
737 1398 823 1480 libri,
846 1399 901 1462 sed
922 1422 994 1464 eum
1015 1398 1174 1479 ind-icari,
1197 1400 1254 1484 qui
1271 1400 1409 1464 codicem

291 1483 487 1547 monasterio
515 1483 601 1547 dono
632 1482 731 1563 dedit,
749 1481 899 1567 fortasse
928 1506 999 1547 eum
1030 1481 1132 1547 scribi
1159 1484 1266 1563 iussit,
1297 1485 1410 1568 primo

288 1574 382 1649 patet
404 1575 546 1651 aspectu.

379 1650 498 1714 Eorum
519 1649 588 1714 Ioco
612 1643 693 1714 alter
717 1648 825 1715 Codea
846 1649 933 1732 (02)
957 1650 1014 1714 hos
1035 1649 1146 1714 habet:

419 1751 556 1816 Oronica
577 1752 666 1816 dicor
688 1773 758 1849 ego,
782 1750 949 1815 mendacia
971 1762 1088 1816 cuncta
1110 1750 1227 1837 relego,

481 1835 595 1900 Mundi
616 1835 777 1934 princ1pio
799 1835 952 1922 temporis
974 1844 1047 1898 acta
1068 1837 1145 1899 scio.

418 1919 491 1982 Hoc
513 1919 647 2004 peffecn
669 1941 750 2004 opus
772 1919 875 1984 iustus
898 1921 970 2006 pius
993 1919 1080 2002 Otto,
1104 1917 1253 1985 scabinus

480 2003 605 2086 Nussie,
627 2002 777 2090 precibus
799 2005 931 2087 nostris3
956 2002 1068 2068 dilexit
1089 2013 1121 2068 ct
1142 2004 1194 2068 hic
1215 2005 1276 2069 iun

378 2104 503 2178 Quibus
525 2107 657 2171 testibus
673 2107 760 2172 ‘Otto
783 2109 937 2173 scabinus
960 2109 1113 2172 Nussiae'
1137 2129 1219 2193 opas
1235 2106 1377 2192 perfecit
1387 2119 1408 2188 ¹,

286 2190 441 2274 precibus
471 2191 633 2258 adductus
662 2195 770 2257 nescio
800 2202 910 2256 utrum
945 2193 1177 2256 canonicorum
1209 2189 1245 2254 S.
1276 2192 1409 2256 Mariae

291 2272 463 2358 Aquensis,
487 2275 532 2339 ad
554 2298 634 2360 quos
656 2277 757 2340 codem
772 2277 947 2360 pertinuit,
971 2298 1015 2338 an
1035 2275 1268 2338 monachorum
1292 2274 1410 2340 Sancti

290 2359 513 2440 Pantaleonis,
537 2361 594 2442 qui
615 2361 723 2423 viram
744 2360 882 2422 scientia
903 2359 990 2421 iuris
1012 2359 1226 2441 conspicuum
1256 2359 1301 2422 ad
1322 2361 1409 2424 hunc

290 2442 409 2507 libram
431 2443 669 2524 conficiendum
685 2444 933 2526 permovissent.
971 2441 1121 2506 Attamen
1137 2464 1177 2505 nc
1192 2465 1264 2506 eum
1279 2444 1409 2528 quidem

288 2535 456 2606 ⁴auctorem
473 2527 674 2610 praedicare
696 2527 815 2590 ausim.
849 2527 1046 2590 Trithcmius
1061 2525 1280 2608 Godp‘ridum
1295 2549 1408 2592 mona·

291 2612 385 2675 atium
407 2609 526 2674 Sancti
547 2609 762 2675 Pantaleonis
789 2631 899 2674 rernm
926 2612 1116 2695 scriptorem
1145 2609 1294 2675 tautam.
1343 2611 1409 2675 Sed

292 2695 330 2758 de
358 2694 415 2760 hoa
445 2694 530 2758 nihil
554 2716 698 2778 prorsus
721 2703 878 2774 constat³,
909 2717 1010 2779 neque
1034 2695 1203 2760 Trittremii
1229 2697 1410 2760 auctoritas

291 2787 387 2842 tanta
402 2787 456 2858 est,
473 2788 508 2842 ut
530 2779 601 2842 eius
615 2779 686 2860 fide
702 2777 885 2862 Godefrido
902 2777 1077 2842 annalium
1093 2781 1256 2864 usquead
1272 2803 1303 2843 a.
1318 2779 1408 2844 1237.

291 2864 554 2927 continuatorum
605 2862 736 2945 loriam,
769 2886 835 2948 qua
864 2863 921 2926 diu
946 2869 1073 2946 potitus
1102 2871 1175 2944 cst⁴,
1198 2864 1409 2928 vindicemus.

291 2947 334 3011 Et
363 2956 455 3026 certe,
488 2886 670 3030 compdures
702 2950 740 3012 in
772 2949 831 3012 Iroc
861 2969 957 3032 opere
991 2946 1189 3027 conficiendo
1221 2947 1408 3028 desudasse,

291 3031 464 3096 uerisimile
486 3040 540 3094 est.

375 3115 532 3197 Primum,
554 3114 747 3178 Etckchardi
761 3114 913 3181 chronico
928 3119 1054 3197 reiecto,
1076 3137 1162 3180 nova
1178 3116 1317 3180 historia
1333 3116 1408 3180 uni·

292 3199 430 3263 oersalis
460 3221 527 3263 com
553 3201 638 3264 osita
667 3209 713 3263 est
740 3200 818 3266 inde
841 3223 862 3262 a
884 3200 970 3265 Nini
991 3200 1197 3284 temporibus.
1247 3200 1290 3262 Et
1312 3200 1411 3263 huius

294 3305 417 3369 quoque
440 3283 509 3368 dap
524 3305 565 3346 ca
585 3293 691 3348 eastat
712 3286 866 3365 recensio,
889 3285 995 3348 altera
1016 3287 1147 3348 uberior
1172 3285 1210 3347 in
1238 3283 1345 3347 codice
1368 3283 1409 3363 B,

294 3367 398 3431 attera
414 3367 582 3431 nonnullis
604 3365 684 3434 locis
705 3367 833 3433 brevio-r
854 3377 882 3432 et
905 3367 1001 3432 aliter
1022 3369 1185 3451 disposita
1206 3369 1243 3431 iu
1258 3366 1318 3432 01.
1344 3366 1411 3440 Qui

294 3475 365 3515 cum
396 3473 485 3516 anno
515 3451 641 3516 demum
672 3453 743 3517 700.
765 3454 919 3535 incipiat,
949 3453 988 3516 de
1013 3453 1128 3536 prima
1158 3451 1286 3537 quidem
1315 3459 1410 3534 parte

293 3537 443 3600 iudicare
473 3536 566 3600 haud
587 3558 780 3620 possumus;
811 3559 893 3600 saec.
923 3535 1009 3602 VIII.
1031 3545 1060 3600 et
1081 3535 1138 3599 IX.
1164 3534 1210 3600 01
1234 3533 1366 3621 lampius
1389 3558 1411 3598 a

283 3620 439 3703 fontibus
467 3621 587 3684 recedit
614 3642 711 3704 quam
732 3620 775 3700 B,
802 3619 964 3684 nonnulla
992 3621 1095 3701 addit,
1125 3643 1234 3684 rerum
1264 3621 1411 3684 ordinem

293 3712 406 3785 mutat,
439 3703 608 3770 nonnullis
639 3703 719 3769 locis
751 3706 860 3788 operis
892 3704 1075 3789 imperfecti
1107 3706 1243 3788 speciem
1266 3704 1411 3789 praebet.

297 3913 404 3980 1)Hoo
429 3913 462 3964 de
486 3913 631 3980 exemplari
646 3914 723 3980 facto
747 3913 946 3982 intcttipendum
971 3932 1034 3980 esse,
1055 3921 1090 3964 'ut
1110 3913 1232 3977 Btitrmer‚
1253 3914 1349 3966 Fontes
1370 3911 1411 3978 II,

290 4005 321 4054 p.
341 3999 430 4050 XXXV,
451 3992 475 4037 et
494 3987 660 4040 Wattenbactr
672 3987 714 4052 II,
731 4005 761 4054 p.
780 3989 841 4040 340.
861 3995 1020 4052 statuerant,
1039 4005 1093 4039 non
1110 3997 1185 4052 puta.
1224 3988 1316 4052 Neque
1335 4003 1411 4037 coca·

296 4061 385 4112 bulum
405 4059 530 4124 perfecit
549 4061 588 4112 ita
606 4062 772 4127 interpretor,
793 4070 822 4112 ut
835 4061 1046 4114 ‘attertrdchstens
1066 4062 1122 4128 auf
1130 4061 1213 4128 cinips
1233 4059 1412 4112 Sohtussstttae

296 4133 352 4185 sich
375 4133 485 4184 beaiehe'
505 4135 633 4201 (Bihmer
656 4136 673 4187 t.
700 4134 740 4201 t).
787 4133 926 4187 ‘dochinus
953 4133 1059 4187 Nassie'
1084 4136 1157 4186 nullo
1182 4135 1257 4185 modo
1285 4150 1412 4200 opnornen

296 4203 417 4258 monachi-
437 4206 576 4258 cuiusdam
602 4209 702 4260 tiabat
716 4217 818 4275 potest,-
847 4209 902 4271 sed,
922 4207 946 4259 si
963 4227 1018 4262 non
1036 4209 1187 4271 monachus,
1201 4215 1273 4259 'certe
1293 4207 1411 4270 clericus,

296 4278 349 4330 nisi
366 4279 445 4330 vaide
461 4282 554 4345 fallor,
574 4281 652 4334 etiam
670 4281 794 4334 scabinus
808 4283 869 4349 elipi
876 4282 973 4348 potuit.
1050 4284 1078 4349 2)
1092 4283 1162 4332 Ana.
1172 4279 1313 4347 Hirsaup:
1320 4279 1411 4345 praef.

297 4351 326 4420 3)
348 4351 388 4418 Os.
402 4351 542 4406 Lehmann
555 4373 587 4422 p.
605 4358 640 4407 50
655 4373 682 4408 n.
758 4354 787 4423 4)
807 4355 913 4408 Primus
930 4355 1071 4420 Freherus,
1091 4355 1198 4406 altimus
1211 4353 1327 4404 Bituncr
1346 4369 1412 4418 opus

297 4428 345 4478 troc
364 4427 467 4482 nomine
486 4429 685 4496 inscripserunt.
