3098 4982
311 383 365 434 268
403 382 716 436 cenomanensem
730 382 983 438 COLONIENSIS.
1004 383 1106 436 CONT.
1117 384 1165 436 IV.
1185 384 1218 435 A.
1230 383 1309 435 lass.
1322 383 1403 436 last.

311 573 407 616 suum
428 572 575 615 socerum
604 549 737 614 militem
766 572 832 615 non
860 573 941 615 esse.
1025 550 1152 617 Ibidem
1181 552 1291 615 nuncii
1319 551 1434 636 regine

310 635 500 725 Hyspanie¹
524 634 693 717 affuerunt,
721 637 776 721 qui
797 633 1028 721 pulcherrimos
1051 635 1232 700 dextrarios
1254 646 1286 700 et
1306 657 1360 700 ma
1408 637 1432 686 '-

311 719 374 784 fica
404 741 539 784 munera
571 719 674 782 cesari
702 721 886 784 attulerunt.
928 719 997 784 Nec
1025 718 1148 784 multo⁸
1181 730 1256 807 post
1287 658 1433 785 eiusddllr

311 806 422 888 regine
443 824 530 866 mors
545 812 593 867 est
607 803 759 868 nunciata
779 803 1004 890 imperatori²;
1026 803 1111 868 unde
1126 801 1302 891 plurimum
1317 803 1433 887 doluit,

312 889 389 974 quia
409 886 561 972 patruelis
583 887 652 952 eius
673 887 742 952 fuit.

395 972 471 1057 lpso
493 991 578 1035 anno
600 980 673 1056 post
686 971 808 1057 pascha
821 971 957 1036 Domini
971 981 1036 1037 tres
1053 970 1165 1036 circuli
1179 972 1324 1058 argentei
1346 973 1434 1036 circa

311 1055 411 1121 solem
433 1056 577 1120 inmense
593 1057 779 1153 quantitatis
793 1066 1021 1142 apparuerunt,
1044 1077 1180 1142 quorum
1194 1057 1318 1143 primus
1333 1055 1434 1120 alium

311 1138 499 1205 includebat
525 1148 773 1225 contingentem,
807 1141 926 1204 tercius
958 1150 1066 1205 autem
1094 1142 1175 1205 duos
1207 1139 1433 1222 intersecabat,

310 1225 467 1290 transiens
499 1246 559 1309 per
590 1245 629 1288 co
670 1247 708 1289 us
740 1223 852 1288 solare.
910 1225 976 1306 Qui
1009 1223 1121 1290 cuculi
1152 1224 1227 1290 licet
1259 1229 1279 1288 a
1310 1223 1433 1324 populo

311 1318 464 1395 putentur
485 1330 555 1373 esse
584 1329 644 1393 pro
668 1310 779 1394 iginm,
808 1319 917 1374 tamen
945 1330 1056 1373 eorum
1085 1331 1183 1374 causa
1203 1309 1245 1374 ab
1266 1307 1434 1373 Anstotile

312 1400 344 1458 et
366 1392 491 1458 Seneca
511 1394 547 1455 in
565 1391 719 1458 Meteoris
741 1402 790 1457 est
812 1413 975 1508 expressa.

332 1561 354 1627 b
395 1476 521 1541 Eodem
559 1498 687 1563 quoque
725 1499 811 1542 anno
848 1475 1144 1564 tonstantinopolis
1176 1498 1196 1540 a
1229 1475 1341 1542 Grecis
1382 1485 1435 1542 est

313 1583 331 1625 o
357 1581 454 1624 sessa.

680 1664 797 1727 Annos
819 1663 953 1728 Domini
976 1664 1067 1729 1236.

394 1745 584 1830 Imperator,
616 1757 760 1812 moturus
780 1747 901 1812 bellum
922 1748 1144 1848 Longobardis
1167 1745 1228 1812 sibi
1249 1745 1436 1830 rebellibus,

311 1832 467 1916 premittit
494 1833 684 1918 quingentos
712 1830 827 1895 milites
849 1853 1028 1898 mensurnis
1050 1830 1218 1918 stipendiis
1238 1829 1434 1914 conductos3

335 1913 429 1979 uibus
458 1915 586 2000 preficit
617 1914 758 1980 nobilem
784 1917 890 1981 virum
923 1925 955 1980 et
982 1914 1078 1980 rebus
1111 1914 1235 1981 bellicis
1262 1925 1435 2000 expertum

313 1937 543 2066 deveardumv
575 1999 616 2064 de
641 2000 885 2079 Hemestends,
917 2010 954 2064 ut
979 2001 1067 2086 apud
1091 2001 1255 2064 Veronam
1283 2007 1436 2086 expectet

313 2085 516 2171 imperatoris
550 2085 727 2150 exercitum
756 2083 1017 2170 subsequentem.
1101 2085 1282 2170 Imperator
1312 2085 1437 2148 interea

313 2167 479 2234 descendit
493 2190 596 2255 usque
611 2171 645 2233 in
660 2179 802 2233 castrum
817 2168 940 2233 dictum
954 2168 1138 2249 Marburoh,
1159 2169 1215 2234 ubi
1230 2170 1263 2231 in
1277 2167 1435 2234 Kalendis

313 2251 399 2316 Maio
425 2252 668 2319 innumerabilis
697 2252 809 2339 populi
831 2253 923 2318 affuit
948 2252 1129 2318 multitudo.
1172 2253 1256 2317 Nam
1283 2275 1303 2316 a
1324 2251 1435 2317 multis

314 2337 526 2424 prudentibus
563 2337 734 2402 duodecies
767 2347 894 2402 centum
926 2337 1016 2401 milia
1052 2337 1218 2401 hominurn
1257 2338 1435 2423 promiscui

316 2443 412 2485 sexus
435 2422 583 2486 estimata
604 2432 679 2485 sunt
701 2422 889 2486 convenisse
918 2422 960 2486 ad
986 2423 1175 2487 memoriam
1205 2431 1313 2486 sancte
1334 2421 1435 2486 vidue

315 2502 506 2587 Elisabethf,
536 2505 627 2569 cuius
649 2504 853 2590 glorificum&
875 2527 992 2592 corpus
1014 2506 1056 2571 ad
1079 2527 1210 2592 capsam
1232 2528 1362 2570 auream
1385 2515 1436 2572 est

315 2588 504 2655 translatum
526 2590 715 2654 auctoritate
743 2589 860 2653 summi
911 2590 1057 2670 ontificis,
1091 2591 1147 2677 qui
1175 2589 1236 2655 hoc
1262 2590 1435 2674 negocium

315 2672 418 2738 tribus
451 2675 612 2758 episcopis
643 2674 807 2755 conmisit,
839 2673 872 2737 vi
897 2672 991 2738 elicet
1018 2675 1072 2739 Mo
1096 2676 1217 2755 antino,
1250 2675 1435 2738 Trevirensi

316 2765 348 2821 et
363 2756 632 2840 Hildesemensi⁴,
655 2778 851 2843 quamquam
872 2756 919 2822 ibi
935 2758 1032 2844 multi
1053 2697 1107 2822 alli
1129 2760 1273 2846 episcopi
1295 2767 1327 2824 et
1347 2759 1435 2845 prin-

316 2841 403 2926 cipes
425 2841 601 2905 affuissent.
644 2841 719 2926 lpse
749 2844 846 2906 etiam
874 2843 1050 2927 imperator
1077 2844 1201 2929 primus
1229 2843 1369 2929 lapidem
1392 2842 1435 2907 de

315 2924 483 3011 sarcofago
505 2923 625 2990 levavit
646 2935 678 2990 et
700 2947 850 2990 coronam
875 2949 1005 2991 auream
1028 2926 1067 2990 de
1090 2948 1148 2991 suo
1170 2928 1318 2990 thesauro
1341 2947 1434 2991 sacro

315 3009 415 3093 capiti
430 3010 630 3074 sanctissime
645 3009 743 3075 vidue
757 3012 801 3074 im
828 3015 921 3075 osuit.
954 3011 1006 3076 Ibi
1028 3019 1135 3095 preter
1155 3009 1255 3075 multa
1276 3009 1435 3075 miracula

316 3091 421 3157 oleum
444 3094 484 3158 de
506 3115 598 3159 sacro
621 3115 791 3179 corporee
829 3096 909 3176 uxit,
932 3093 1039 3180 quodh
1061 3093 1217 3179 religiosis
1238 3097 1325 3176 viris,
1348 3093 1434 3159 basi·

314 3173 392 3242 lices
416 3188 448 3243 et
467 3176 579 3243 altaria
599 3179 632 3243 in
654 3177 807 3244 honorem
827 3178 921 3244 beate
942 3178 1042 3244 vidue
1062 3177 1246 3243 Elisabethi
1269 3189 1434 3244 construc-

314 3263 405 3344 turis,
419 3285 477 3348 per
490 3263 603 3328 fratres
614 3261 781 3348 hospitalis
789 3262 1087 3328 Theutonieorumk
1102 3274 1150 3326 est
1159 3265 1212 3348 pie
1224 3284 1262 3327 ac
1273 3265 1436 3348 sagaciter

314 3345 530 3412 distributum.
566 3347 670 3432 Super
692 3348 781 3412 cuius
796 3348 863 3411 vita
877 3345 1030 3412 laudabili
1049 3356 1081 3411 et
1094 3346 1265 3411 virtutibus
1284 3346 1434 3433 specialis

313 3429 447 3496 historia
468 3440 517 3496 est
538 3440 723 3496 contexta&
807 3430 887 3495 Inde
915 3431 1090 3515 imperator
1110 3431 1240 3495 veniens
1263 3429 1434 3496 Confluen-

314 3515 402 3598 tiem,
413 3515 598 3580 inferiorum
610 3517 751 3602 partium
763 3513 915 3578 miliciam
926 3515 1055 3580 invocat
1066 3515 1434 3601 contraLongobardos3

314 3598 387 3664 sed¹
413 3601 524 3685 paucis
551 3597 614 3663 sibi
642 3599 866 3683 annuentibus,
899 3599 1016 3663 milites
1045 3599 1085 3664 de
1108 3598 1227 3664 Suevia
1248 3611 1280 3665 et
1299 3599 1433 3665 Alsacia

314 3777 336 3831 a)
353 3791 383 3821 m.
392 3792 415 3830 p.
425 3781 502 3820 taloco
513 3782 622 3823 rorant.
654 3779 678 3833 b)
694 3782 879 3833 sequentiamque
894 3783 923 3820 ad
937 3781 1014 3821 verta:
1029 3781 1065 3821 lbi
1080 3787 1159 3832 preter
1173 3782 1329 3832 multapaatto
1344 3781 1432 3822 diversa

313 3840 519 3888 mucamitem,
527 3841 722 3891 scripturarum.
753 3840 773 3892 c)
784 3840 1130 3890 cenearaunca;censraum
1141 3843 1183 3884 cl.
1214 3840 1430 3892 d)11arntsten01;

312 3899 439 3938 Harlnsten
450 3900 492 3941 02.
523 3897 847 3952 elMathI,oorr.MaiB1.
877 3899 897 3952 t)
909 3900 1036 3950 Elysabeth
1045 3901 1086 3942 01.
1097 3902 1118 3942 2.
1149 3899 1173 3952 g)
1189 3901 1348 3940 honorificium
1358 3899 1430 3940 012.

313 3955 337 4009 h)
361 3967 418 4006 quae
438 3964 559 4008 sequamur
584 3971 652 4010 usque
676 3961 706 3999 ad
723 3960 790 4010 flerem
810 3960 889 3998 codicis
915 3959 961 3999 alia
978 3959 1078 4008 sonasse
1100 3971 1167 4001 marsa
1191 3965 1283 4000 aerata
1304 3964 1356 3999 caat
1378 3957 1429 4001 Bi.

312 4013 330 4067 t)
346 4016 443 4067 Elyzab.
459 4019 506 4066 023
520 4019 614 4070 Elysab.
631 4019 672 4060 01.
731 4017 756 4069 k)
773 4020 839 4058 'l'eat-
855 4020 899 4061 01.
959 4017 977 4070 Ι)
994 4023 1017 4059 et
1033 4019 1074 4061 01.-
1085 4021 1105 4061 2.

315 4164 343 4230 1)
356 4165 498 4233 Beatra'cis,
511 4168 588 4237 filice
597 4168 718 4236 Philippi
736 4169 805 4236 repta
817 4169 1007 4235 Romanarum,
1028 4186 1096 4236 qaae
1115 4178 1241 4236 nupserat
1254 4167 1430 4221 Ferda‘aaado

312 4239 369 4310 rapi
389 4239 523 4294 Castaliae.
586 4241 615 4307 2)
635 4243 677 4296 De
696 4243 739 4295 die
757 4260 811 4294 aaa
830 4250 939 4296 coastat.
1003 4243 1033 4310 3)
1052 4243 1184 4296 Arasteia.
1249 4244 1277 4307 4)
1298 4240 1429 4294 meraco,

313 4313 342 4377 ὁ)
363 4314 458 4367 Nescio
477 4333 514 4367 aa
531 4316 618 4367 Vitam
637 4334 655 4368 a
672 4314 795 4368 Caesario
811 4317 1026 4370 Heisterbacerrsi
1043 4318 1169 4383 scriptam
1187 4316 1230 4369 rel
1240 4318 1344 4382 sontem
1363 4315 1430 4379 eius,

312 4387 428 4441 libellam
448 4397 564 4455 quatuor
584 4391 753 4454 ancillarum,
771 4389 879 4462 iudicet.
