3098 4982
287 364 341 414 318
563 357 747 416 DIALOGUS
768 359 917 416 cnutum
936 363 984 414 ΕΤ
1002 362 1114 417 LAIOI.

287 534 322 597 in
343 555 382 598 eo
404 555 495 618 spem
517 531 696 598 hahuerunt
720 530 941 618 resipiscendi,
963 533 1036 596 ideo
1063 534 1259 597 sentenciam
1286 532 1419 620 deposi-

287 618 383 682 tionis
404 619 439 681 in
461 639 544 698 eum,
568 615 696 702 expleto
719 616 781 680 sihi
802 617 981 702 proscripto
1004 616 1150 698 termino,
1172 616 1342 682 tulerunt1.

373 701 499 765 Laicus.
542 700 637 764 Hanc
660 703 849 766 sententiam
863 721 922 786 pro
937 700 1022 766 bono
1038 701 1129 786 pacis
1144 711 1292 787 poterant
1312 702 1414 767 distu-

287 785 372 868 lisse,
402 785 505 849 donec
534 806 620 870 papa
651 784 765 849 melius
792 807 889 870 super
919 784 981 849 hoc
1011 783 1228 850 consuleretur
1260 795 1292 851 et
1330 789 1416 874 peri-

289 870 397 934 culum
419 881 503 935 terre
523 870 694 933 imminens
716 870 745 934 ei
766 868 891 968 plenius
914 869 1159 956 significaretur.

373 952 526 1020 Clericus.
573 952 647 1016 Hoc
676 951 717 1016 ab
747 975 792 1018 e1s
821 954 897 1018 satis
922 953 1120 1039 postulatum
1140 954 1210 1018 fuit.
1260 953 1325 1020 Sed
1346 955 1416 1042 ipsi

288 1049 493 1120 rennuerunt,
516 1035 712 1101 affirmantes
735 1059 770 1102 se
792 1047 824 1102 et
845 1037 999 1103 honorem
1020 1059 1114 1102 suum
1128 1037 1309 1102 nullatenus
1330 1039 1416 1105 velle

287 1126 323 1189 in
347 1122 409 1187 hoc
435 1123 519 1187 facto
551 1120 735 1207 periclitari,
771 1123 847 1208 quia
868 1121 1047 1209 periculum
1068 1123 1146 1208 ipsis
1167 1122 1358 1206 immineret,
1385 1124 1416 1188 si

288 1207 477 1271 mandatum
498 1204 711 1293 apostolicum
731 1228 796 1270 non
818 1217 1069 1293 exequerentur3
1091 1214 1123 1271 et
1137 1216 1341 1293 sumpserunt
1355 1230 1414 1273 ex-

289 1314 340 1356 em
365 1290 431 1355 lum
458 1291 498 1354 de
526 1288 696 1355 interdicto
718 1291 866 1373 Francia,
894 1291 980 1376 quod
1034 1312 1096 1377 apa
1124 1287 1171 1354 illi
1193 1293 1412 1374 mandaverat,

290 1311 363 1441 sedp
359 1383 557 1456 executores,
570 1375 655 1474 quia,
670 1375 753 1438 sicut
766 1373 846 1439 illud
860 1376 907 1439 eis
921 1398 997 1439 man
1021 1386 1108 1440 atum
1123 1374 1235 1457 fuerat,
1246 1398 1312 1440 non
1321 1397 1411 1440 man-

290 1459 447 1525 daverant
466 1459 660 1538 executioni,
706 1480 769 1544 apa
790 1479 844 1523 eos
865 1461 1009 1544 graviter
1029 1458 1105 1524 inde
1150 1460 1264 1524 univit.

374 1543 502 1608 Laicus.
546 1542 582 1607 Si
602 1543 665 1630 ipsi
682 1480 917 1627 depositionem
937 1542 1064 1608 differre
1083 1481 1256 1610 nolherunt
1268 1545 1414 1610 fortassis

290 1637 423 1712 propter
463 1649 593 1691 causam
626 1648 724 1713 quam
759 1628 886 1708 dixisti,
915 1649 1014 1713 quare
1053 1628 1161 1694 clerici
1192 1650 1258 1693 non
1298 1628 1412 1694 saltem

290 1709 481 1777 distulerunt
502 1710 712 1776 electionem?

375 1793 530 1860 Clericus.
580 1794 629 1860 Ne
658 1816 744 1881 papa
771 1793 917 1861 similiter
944 1797 990 1862 eis
1018 1797 1101 1861 sicut
1126 1797 1288 1863 iudicibus
1316 1797 1413 1862 offen-

290 1880 419 1945 deretur
444 1902 504 1966 pro
531 1877 693 1962 dilatione,
720 1881 890 1965 presertim
940 1882 994 1945 uia
1022 1880 1068 1945 nil
1094 1882 1271 1947 securitatis
1292 1879 1413 1946 habere

289 1973 438 2051 poterant
453 1964 683 2029 emendationis
695 1963 816 2028 domini
828 1963 926 2053 A[dol
949 1967 972 2052 ],
988 1966 1015 2029 si
1030 1966 1229 2049 differrent⁸;
1241 1965 1297 2031 sed
1308 1966 1414 2051 magis

291 2047 459 2114 ecclesiam
481 2047 657 2113 desolatam
678 2048 911 2134 relinquerent3
934 2058 966 2115 et
986 2049 1117 2115 stultum
1140 2073 1210 2115 esse
1232 2049 1413 2132 videbatur,

289 2132 346 2197 ubi
367 2131 466 2196 nichil
494 2134 563 2219 spei
593 2131 824 2198 emendationis
850 2132 1015 2216 haberent,
1045 2133 1091 2199 ibi
1120 2157 1155 2199 se
1176 2135 1414 2221 dampnationis

289 2215 433 2303 periculo
456 2228 683 2303 supponerent.

373 2301 501 2366 Laicus.
545 2302 653 2383 Quare
674 2323 740 2365 non
762 2299 942 2366 detulerunt
962 2299 1170 2388 appellationi
1190 2301 1320 2366 maioris
1340 2325 1414 2387 pre-

289 2387 386 2472 positi
394 2398 417 2465 ²,
440 2387 496 2486 qui
518 2407 588 2449 eam
604 2388 757 2451 canonice
773 2396 805 2450 et
818 2385 961 2468 legitime
975 2385 1146 2452 videbatur
1162 2386 1413 2472 interposuisse?

374 2469 530 2536 Olencus.
564 2468 600 2535 Si
622 2471 774 2534 canonice
796 2491 834 2534 ac
851 2469 992 2554 legitime
1008 2491 1079 2534 eam
1093 2471 1295 2556 interposuit,
1311 2491 1411 2556 quare

289 2577 355 2620 non
367 2566 415 2622 est
427 2563 618 2641 prosecutus
632 2552 728 2635 illam,
744 2552 796 2617 vel
809 2575 868 2639 per
883 2575 917 2617 se
931 2554 984 2619 vel
995 2577 1054 2640 per
1064 2557 1216 2619 nuncium
1227 2554 1414 2640 ydoneum?

291 2638 421 2705 Habeat
443 2638 529 2724 quod
552 2636 614 2702 sihi
640 2639 790 2724 imputet3
818 2639 1021 2721 nesscimus,
1044 2640 1130 2726 quod
1153 2639 1303 2704 dominus
1324 2661 1413 2727 papa

292 2723 480 2789 electionem
509 2721 643 2786 ecclesie
672 2720 874 2808 approbavit,
903 2721 1041 2788 electum
1073 2746 1167 2789 suum
1200 2723 1411 2804 confirmavit,

290 2807 424 2908 pallium
446 2807 486 2870 de
509 2828 643 2892 corpore
665 2806 751 2871 beati
772 2808 860 2871 Petri
887 2817 1050 2907 sumptum
1078 2809 1109 2872 01
1137 2810 1326 2890 transmisit;
1356 2809 1411 2872 cui

290 2915 324 2955 1n
346 2893 533 2990 episcopum
556 2890 701 2956 ordinato
723 2902 755 2957 et
775 2891 810 2955 in
831 2892 1109 2979 archiep1scopum
1136 2893 1324 2956 confirmato
1351 2913 1412 2956 nos

290 2975 349 3041 filii
370 2975 550 3040 ohed1entie
572 2974 750 3058 obedimus,
774 2977 858 3040 sicut
879 2986 911 3042 01
930 2997 989 3041 vos
1005 2977 1255 3042 contradictores
1276 2977 1412 3058 facietis,

292 3059 419 3148 quando
441 3060 650 3146 resipueritis.
1260 3087 1262 3092 .

375 3143 502 3208 Laicus.
545 3143 618 3210 Noli
640 3145 702 3209 hoc
723 3144 844 3227 dicere3
867 3145 1033 3209 nobiscum
1056 3146 1140 3210 enim
1167 3146 1320 3209 iniuriose
1345 3143 1413 3208 fac-

290 3238 360 3294 tum
389 3239 453 3293 est:
474 3227 644 3293 nobiscum
667 3229 749 3310 dico,
772 3230 857 3315 quia,
881 3230 1028 3316 quisquis
1051 3251 1111 3314 ego
1139 3231 1209 3311 sim,
1239 3239 1347 3294 tamen
1376 3229 1411 3292 in

289 3335 428 3414 persona
449 3312 584 3377 alicuius
606 3313 736 3377 baronis
757 3311 882 3399 loquor,
904 3321 937 3377 et
957 3313 1030 3377 ideo
1052 3313 1137 3378 dico:
1166 3312 1336 3378 nobiscum
1364 3314 1413 3376 in-

290 3407 372 3463 1uste
391 3406 501 3462 actum
523 3406 580 3462 est.
624 3397 659 3462 Si
682 3397 793 3462 electio
816 3398 901 3461 enim
922 3398 991 3461 fieri
1011 3408 1147 3484 poterat,
1174 3397 1228 3460 illa
1257 3396 1412 3463 celebrari

290 3505 356 3546 non
377 3481 489 3547 debuit
508 3481 571 3544 nisi
615 3481 796 3546 resentibus
823 3481 984 3546 nobilibus
1013 3491 1106 3565 terre,
1128 3481 1326 3547 beneficiatis
1355 3481 1412 3546 ho-

290 3567 432 3632 minibus
455 3565 566 3632 Sancti
586 3504 675 3630 leet
695 3575 728 3630 et
749 3567 882 3630 summis
897 3565 1087 3632 officialibus
1104 3567 1259 3653 episcopi,
1276 3587 1412 3652 quorum

291 3663 339 3717 est
361 3649 547 3716 electionem
570 3649 765 3798 approbare3
790 3649 876 3736 quod
898 3651 1029 3716 minime
1051 3650 1256 3716 observatum
1279 3661 1336 3715 est

376 3734 530 3800 Clericus.
610 3743 698 3799 ateor
726 3735 796 3817 hoc,
825 3734 921 3821 quod,
949 3735 977 3798 si
1005 3735 1160 3801 cathedra
1193 3736 1295 3800 sancti
1324 3735 1414 3799 Petri

291 3817 384 3884 solito
417 3841 506 3882 more
537 3827 675 3900 vacaret,
709 3820 776 3884 dies
804 3818 951 3884 electioni
979 3819 1095 3906 prefigi
1122 3830 1154 3886 et
1181 3819 1305 3884 nobiles
1326 3828 1413 3884 terre

291 3903 461 3968 convocari
483 3902 652 3985 deberent3
679 3903 736 3967 sed
766 3905 842 3989 quia
864 3903 960 3968 modo
986 3915 1094 3991 preter
1122 3927 1244 3968 morem
1272 3902 1416 3968 vacabat

292 3989 507 4075 episcopatus,
523 3997 554 4051 01
575 3989 745 4074 episcopus
761 3989 838 4075 quill
854 3999 923 4054 crat
936 3998 1068 4075 propter
1081 3989 1268 4054 mandatum
1283 3996 1413 4075 aposto-

289 4073 389 4138 licum
411 4072 445 4134 in
465 4091 583 4158 penam
605 4072 655 4135 sui
677 4093 828 4138 excessus
849 4073 1024 4160 depositae,
1053 4082 1085 4138 et
1115 4095 1173 4137 vos
1203 4071 1339 4138 barones
1361 4075 1415 4136 sui

291 4234 315 4289 a)
332 4236 441 4278 different
456 4247 474 4278 e.
533 4233 558 4288 b)
568 4235 627 4285 fort.
642 4237 760 4278 delendam.

292 4367 321 4434 1)
346 4371 375 4422 V.
395 4386 479 4436 supro
499 4368 630 4436 010109.
651 4375 717 4421 coat-
737 4370 779 4423 ΙΙ.
800 4387 830 4430 0.Ι
848 4370 927 4432 taos,
941 4387 972 4436 p.
994 4371 1055 4422 175.
1131 4367 1343 4436 1)]1190110111.
