3126 4976
338 395 524 449 cenoman
543 397 657 450 naam
678 398 970 452 cenomanens.
992 399 1072 450 1161.
1214 376 1274 451 ‘ror

528 571 691 626 Recensio
711 572 736 624 Ι.
756 574 848 625 codd.
868 572 901 623 A.

154 655 250 722 clero
270 657 431 738 Romano,
460 667 496 721 ut
525 659 570 722 nd
586 661 783 743 peticionem
810 661 958 724 uniuersi
980 659 1103 744 populi
1125 659 1270 722 Romani

146 752 182 824 ¹et
198 742 244 805 od
259 763 428 807 assensum
442 743 540 806 totius
553 743 630 828 fere
645 753 779 807 senatus
791 753 820 807 et
832 745 1091 827 capitaneorum,
1104 743 1272 824 baronum,

153 824 312 890 nobilium
334 835 401 890 tam
423 835 518 890 entra
541 849 640 912 quam
661 827 758 910 infra
787 828 898 892 Urbem
916 829 1194 908 commorantium,
1214 849 1274 891 nos

134 912 192 974 ‘in
220 911 388 995 repimen⁸
415 911 614 996 apostolicae
646 912 732 976 sedis
767 911 920 997 eliperent
955 921 984 974 et
1016 913 1050 976 in
1080 913 1153 976 sede
1188 912 1274 976 beati

153 994 244 1058 Petri
252 995 266 1035 b
299 993 503 1075 collocarent,
538 995 625 1081 qnod
657 997 787 1080 quidem
819 1019 884 1060 non
918 997 1038 1060 nostris
1064 997 1198 1077 meritis,
1229 1004 1275 1059 set

153 1079 273 1142 dioina
301 1079 514 1162 providentio
547 1083 698 1160 evenisse,
732 1079 916 1144 nullatenus
943 1079 1141 1144 dubitamus.
1200 1080 1275 1144 Etsi

153 1163 347 1246 iniquorum
369 1186 429 1228 nos
451 1163 547 1226 turba
570 1163 718 1246 lacessat,
741 1164 936 1245 confidimus
958 1173 1066 1228 tamen
1088 1171 1126 1229 in
1141 1165 1273 1229 domino

154 1247 240 1326 Iesu,
271 1249 366 1310 cuius
389 1248 606 1334 providentia
634 1251 672 1312 in
700 1250 755 1311 sui
787 1248 1000 1334 dispositione
1031 1271 1098 1312 non
1117 1247 1269 1331 fallitur,

177 1331 244 1395 uod
266 1331 344 1394 baec
369 1334 480 1396 omnia
502 1335 610 1416 ipsius
631 1333 860 1397 misericordia
876 1333 1050 1397 ordinante
1065 1331 1165 1413 fiant,
1185 1333 1275 1416 vide-¹

155 1353 228 1478 iicet
250 1423 285 1477 nt
306 1417 376 1479 iam
403 1439 492 1479 nunc
516 1440 537 1479 a
570 1418 690 1502 pranis
721 1417 842 1503 paleae
870 1425 1076 1500 separentur,
1107 1415 1146 1479 ab
1176 1417 1274 1500 aunis

155 1499 242 1579 edi1,
259 1521 280 1562 a
294 1499 388 1564 bonis
398 1501 548 1584 piscibus
570 1499 660 1582 mali,
683 1503 791 1586 sicque
814 1501 852 1564 de
874 1523 975 1586 repno
998 1504 1068 1564 eius
1090 1501 1158 1563 iam
1180 1523 1261 1563 scon

156 1581 237 1646 dola
266 1583 367 1646 multo
400 1585 608 1671 callipontur.
656 1585 757 1649 Novit
778 1585 905 1669 liquido
927 1594 997 1664 tua,
1019 1584 1130 1648 dilecte
1150 1583 1274 1668 frater,

157 1667 319 1748 discretio,
335 1677 461 1754 quanta
477 1677 550 1732 orta
562 1669 674 1753 fuerit
688 1671 774 1733 inter
789 1670 954 1732 ecclesiam
967 1669 1032 1732 Dei
1046 1677 1075 1730 et
1090 1669 1275 1754 imperinm,
1345 1695 1349 1702 ·

157 1753 243 1814 inter
264 1774 403 1837 repnum
425 1762 454 1816 et
474 1753 693 1816 sacerdotium
709 1754 887 1834 discordia,
911 1753 1071 1836 adquam
1092 1753 1276 1816 sedandam
1358 1799 1360 1804 -

158 1857 248 1982 upem
275 1837 430 1902 babemus
459 1839 497 1900 in
527 1859 563 1900 eo
594 1836 778 1922 confortari
829 1839 866 1900 ui
894 1839 932 1924 in
962 1859 994 1899 se
1023 1836 1275 1918 confidentiumc

183 1921 308 2004 isponit
329 1920 440 1984 saluti.
486 1922 585 1984 Testis
609 1930 654 1984 est
675 1922 768 2005 nobis
790 1861 964 2000 liominus,
988 1921 1073 2005 qnod
1096 1921 1197 1984 buius
1226 1921 1277 1986 rei

153 2003 283 2085 fiducia
314 2005 376 2068 boe
403 2026 485 2068 onus
507 2007 604 2089 preci
629 2027 668 2067 ue
696 2007 908 2091 suscepimus.
952 2004 1080 2068 Idcirco
1103 2013 1141 2085 te,
1160 2005 1276 2089 frater

158 2089 337 2170 carissime,
350 2089 387 2153 in
398 2089 542 2153 Domino
563 2029 782 2168 erciiortamur,
801 2097 837 2151 ut
848 2111 919 2152 una
931 2089 1097 2152 nobiscum
1113 2098 1276 2175 auctorem

157 2174 301 2240 omnium
316 2196 454 2238 enorare
469 2196 537 2250 non
553 2174 692 2238 desistas
707 2183 735 2236 et
747 2173 989 2237 dilectissimum
1001 2171 1114 2252 fllium
1125 2181 1277 2237 ,nostrum

157 2256 366 2322 Itbidericnm
388 2259 573 2322 Item-onum
593 2259 822 2341 imperatorem
840 2258 1141 2320 victoriosissimum
1158 2257 1193 2320 in
1216 2257 1254 2322 id
1261 2257 1275 2304 ⁰¹
1296 2301 1299 2306 ι

158 2341 269 2424 ipsum
285 2344 473 2424 admoneas,
494 2351 530 2405 ut
544 2343 653 2425 ipsius
665 2344 725 2425 pio
741 2342 909 2408 adiutorio
925 2349 1056 2421 cunctos
1072 2339 1196 2406 Christi
1211 2343 1290 2404 ini-'

159 2427 259 2489 micos
281 2437 310 2491 et
332 2429 532 2492 scismaticos
555 2448 754 2509 superemus.

234 2510 338 2574 Simili
349 2511 445 2574 modo
454 2507 665 2591 Ruoianduse,
679 2511 734 2595 qui
746 2519 777 2574 et
785 2507 979 2591 Alexander,
990 2508 1030 2573 dc
1048 2508 1117 2573 istis
1136 2509 1276 2593 scripsit,

159 2593 325 2660 Victorem
348 2606 379 2659 et
401 2616 475 2658 suos
498 2615 652 2680 sequaces
675 2595 875 2658 scismaticos
896 2592 1074 2678 appellans.

236 2681 349 2766 Itaque
381 2681 554 2764 imperator
589 2688 621 2742 et
652 2679 705 2763 qui
746 2676 805 2741 sub
833 2677 980 2742 Romano
1017 2678 1152 2762 imperio
1189 2685 1280 2741 erant

159 2763 325 2828 Victorem
347 2785 405 2848 pro
429 2761 584 2827 catholico
607 2783 694 2848 papa
715 2761 886 2827 habebant.
918 2760 1065 2825 Aliarum
1085 2771 1192 2826 autem
1207 2782 1280 2846 pro-

161 2847 339 2911 vinciarum
361 2845 464 2932 reguli
487 2855 518 2911 et
532 2844 644 2932 populi
655 2844 874 2930 Alexandrum
890 2867 948 2930 pro
963 2844 1149 2931 apostolico,
1170 2846 1280 2910 nescio

162 2953 203 2994 an
227 2931 301 2996 odio
322 2933 524 3016 imperatoris
547 2953 589 2994 an
610 2939 759 3015 respectu
781 2931 936 3011 iusticias,
959 2928 1156 2994 excolebant.

240 3015 365 3080 Eodem
387 3037 471 3078 anno
495 3015 678 3100 patriarcha
700 3015 935 3100 Aquileiensis²
965 3013 1058 3095 obiit;
1083 3015 1134 3077 cui
1156 3035 1280 3077 succes·
1323 3090 1326 3095 Ι

164 3123 217 3165 sor
250 3102 368 3165 electus
402 3108 450 3162 cst
482 3098 612 3183 quidam
640 3096 757 3161 nobilis
786 3099 922 3179 iuveniS,
956 3108 1110 3184 cognatus
1145 3099 1281 3183 impera-

163 3227 365 3248 *m*
507 3241 890 3294 scioccamente.
912 3241 938 3293 o.

164 3339 260 3403 Itaque
292 3339 436 3402 imperator
472 3341 499 3386 et
528 3336 573 3400 qui
599 3335 647 3386 sub
677 3335 756 3404 eius·
782 3340 858 3385 erant
892 3336 1004 3400 imperio
1036 3334 1171 3384 Victorem
1203 3335 1281 3385 loco

163 3412 285 3463 summi
311 3410 499 3477 pontificis
520 3408 663 3470 habebant,
690 3407 802 3458 aliarum
823 3413 911 3459 autem
931 3423 1020 3477 reges
1048 3413 1080 3458 et
1098 3409 1282 3474 principes

164 3485 371 3551 provinciarum,
408 3483 565 3549 episcopi
592 3487 624 3532 et
650 3482 797 3532 abbates
823 3480 969 3563 populique
995 3495 1110 3532 omncs
1128 3480 1282 3532 Alexandro

165 3562 335 3628 tamquam
352 3562 809 3626 catholicopapeparebant.
833 3546 1284 3632 Qulposlhecftransiensin

164 3636 346 3716 Franciam,
370 3655 390 3696 a
410 3655 485 3719 rege
508 3633 645 3697 Francia
676 3631 913 3718 omnibusque&
935 3631 1095 3718 episcopis
1126 3642 1158 3697 et
1186 3632 1284 3708 abba-

164 3720 252 3783 tibus
271 3718 446 3782 honorifice
470 3717 652 3802 suscipitur,
675 3739 694 3779 a
716 3716 834 3801 quibus
856 3717 951 3782 etiam
967 3738 1025 3802 per
1047 3715 1190 3802 aliquoth
1206 3726 1284 3780 tem·

165 3825 227 3952 pus
242 3802 536 3868 habundantissime
552 3801 615 3867 sibi
631 3801 760 3886 suisque
775 3803 955 3866 neccssaria
970 3799 1285 3866 subministrantibus

163 3887 352 3968 'etincturt

165 4011 300 4065 a)regnum
317 4014 363 4054 An.
396 4011 662 4063 lacrimationum.
700 4011 918 4063 c)confitent.A1.
956 4008 1117 4061 d)dcestAl.
1148 4011 1285 4063 emulans.

165 4076 222 4122 Δὶς
246 4073 344 4113 Roland.
362 4072 411 4112 112.
429 4087 457 4106 =
478 4073 555 4122 I)hoc
573 4072 614 4111 01.
676 4069 830 4121 &quedem
848 4071 887 4112 01.
950 4069 974 4121 h)
991 4071 1086 4120 aliquod
1102 4071 1146 4112 02.
1207 4069 1284 4122 1)n.n

165 4135 190 4172 in
206 4135 251 4172 cod.
265 4133 283 4170 B
292 4135 311 4172 1.
328 4143 406 4172 manus
418 4133 495 4181 pantio
511 4132 616 4172 recentior
631 4141 685 4170 sace.
703 4130 761 4168 XIII
785 4131 869 4169 duobus
879 4129 944 4178 foliis
956 4134 1007 4179 post
1022 4131 1117 4179 admotis,
1133 4132 1285 4171 narrationem

166 4193 191 4230 de
207 4192 286 4230 eacidio
306 4191 421 4231 Mettotani
436 4203 461 4230 eu
476 4189 664 4230 racusanus
679 4190 764 4228 veroum
780 4189 907 4239 descriptam
922 4189 1021 4236 inseruit,
1037 4190 1102 4229 verba
1117 4190 1285 4230 salemitano

166 4251 262 4291 Domini
280 4253 344 4290 1162.
358 4251 515 4290 Mediolanum
532 4251 647 4289 devictum
664 4253 732 4297 atque
749 4249 890 4289 destructum
907 4252 942 4288 est
959 4271 984 4278 -
1000 4249 1024 4288 in
1040 4249 1206 4288 'civitatesero
1226 4249 1286 4288 nulli

167 4311 344 4360 permittebatur
359 4310 481 4362 habitatio.

170 4405 198 4473 1)
212 4407 230 4458 i.
245 4423 266 4458 e.
281 4406 367 4458 laedi.
442 4404 470 4472 2)
484 4404 642 4472 Peregrinus
656 4403 680 4466 I,
695 4402 741 4468 qai
754 4402 822 4454 sedit
832 4403 865 4453 ab
879 4420 950 4455 anno
967 4403 1167 4466 1132-1161,
1179 4401 1247 4469 Aup.
1259 4401 1286 4454 8.
