3122 4978
283 361 337 412 178
386 358 573 411 canonici
592 357 704 411 nuath
724 356 976 411 COLONIENSIS.
997 356 1100 408 CONT.
1115 356 1153 407 11.
1173 357 1205 409 Δ.
1221 357 1301 408 1205.

283 529 424 609 bantiet,
439 527 495 625 qui
516 535 591 591 tunc
612 526 692 590 forte
714 547 845 612 presens
867 523 988 606 aderat,
1010 522 1147 590 liberum
1170 535 1202 590 ct
1222 522 1406 589 absolutum

284 634 357 676 eum
381 611 511 677 dimisit.
553 609 723 696 Philippus
745 631 804 672 rex
831 629 904 672 cum
934 609 1021 673 omni
1049 609 1194 674 exercitu
1216 606 1406 673 Ooloniamb

285 695 470 782 preteriens,
491 693 642 758 Nussiam
672 693 823 775 accessit3
853 714 950 778 quarn
972 693 1041 757 sine
1062 714 1180 779 magna
1201 693 1311 757 martis
1334 713 1408 758 con-

284 781 448 866 gressione
470 779 504 841 in
526 777 720 843 deditionem
743 777 914 863 accipiens,
936 776 1053 842 Adolfo
1075 777 1272 862 archiepisco
1298 798 1407 842 oeam

283 864 492 949 resignavit¹.
534 861 586 926 lbi
609 861 846 942 Constantinus,
867 859 952 924 filius
975 859 1117 926 Ounradi
1146 860 1186 926 de
1207 798 1329 943 Diklle,
1358 860 1409 925 vir

284 947 431 1012 militaris
459 956 492 1011 et
520 955 681 1028 strenuus,
710 947 776 1010 ictu
803 946 918 1030 sagitte
947 966 1116 1030 percussus
1146 944 1306 1011 occubuit.
1356 944 1409 1009 lbi

286 1033 382 1096 etiam
404 1041 475 1095 octo
497 1041 563 1096 tam
585 1028 700 1094 milites
723 1051 821 1116 quam
843 1029 937 1111 servi,
960 1031 1014 1115 qui
1037 1029 1168 1094 domum
1182 1031 1305 1114 regiam
1316 1030 1408 1094 Wer-

286 1115 367 1181 dene
396 1115 521 1179 tradere
547 1112 769 1197 moliebantur,
798 1112 947 1179 decollati
975 1123 1059 1178 sunt.
1112 1113 1238 1178 Eodem
1265 1121 1409 1199 temporo

285 1221 394 1279 naves,
433 1199 549 1285 quihus
581 1207 754 1284 apparatus
789 1199 875 1282 regis
909 1199 1038 1283 copiose
1075 1199 1151 1262 satis
1186 1219 1224 1262 ac
1260 1197 1410 1262 decenter

285 1283 536 1348 amministratus
558 1291 591 1347 et
610 1281 762 1348 victualia
784 1282 978 1346 exercitibus
1001 1281 1194 1347 sufficienter
1216 1280 1322 1346 delata
1342 1281 1409 1347 fue-

285 1378 367 1450 rant,
388 1366 509 1452 passim
530 1374 601 1429 utra
624 1388 665 1430 ue
686 1377 776 1452 parto
798 1364 902 1429 Rheni
924 1365 1104 1452 quibusque
1126 1367 1159 1430 in
1180 1363 1259 1430 locis
1280 1367 1410 1452 penitus

287 1450 490 1536 diripiuntur,
512 1451 546 1512 in
568 1472 622 1537 qur
646 1457 684 1513 u's
707 1459 814 1536 preter
836 1448 963 1514 diversa
992 1461 1024 1515 et
1051 1453 1219 1515 innumera
1247 1471 1409 1514 armorum

286 1555 405 1620 genera
426 1533 600 1619 plurimum
622 1535 692 1599 auri
713 1543 745 1598 et
766 1535 898 1619 argenti,
920 1542 1024 1600 vestes
1046 1535 1195 1621 pretiose,
1217 1556 1295 1599 vasa
1313 1555 1410 1598 aurea

286 1629 318 1684 et
338 1628 491 1702 argentea
504 1619 542 1680 in
565 1616 670 1704 bulgis
692 1627 724 1682 et
738 1619 771 1681 in
786 1620 930 1682 somariis
946 1617 1071 1684 sublata
1086 1629 1168 1684 sunt.
1204 1618 1297 1682 Multi
1312 1619 1409 1683 etiam

287 1725 328 1767 ex
349 1701 399 1766 his
427 1703 482 1787 qui
510 1701 646 1766 navibus
675 1712 824 1801 preerant
852 1704 948 1790 capti,
979 1703 1110 1789 quidam
1136 1703 1244 1786 occisi,
1266 1700 1410 1767 nonnulli

285 1807 362 1852 vero
385 1787 478 1872 aquis
501 1786 655 1872 prefocati
676 1787 873 1851 interienmt.
915 1785 1021 1873 Philip
1047 1799 1106 1852 us⁰
1127 1809 1186 1851 rex
1207 1809 1339 1852 movens
1354 1809 1409 1851 ex-

287 1871 431 1952 ercitum,
462 1869 552 1934 Rode
582 1881 721 1935 castrum
749 1869 840 1934 ducis
871 1869 910 1936 de
931 1811 1102 1957 Lymdbrg
1132 1870 1268 1936 obsedit.
1313 1870 1411 1951 Quod

278 1954 355 2019 'dux
382 1953 548 2019 Lovanie‘l
576 1975 654 2019 mox
683 1955 848 2019 obsidione
877 1953 971 2019 solvit
1015 1977 1054 2019 ea
1086 1955 1283 2038 conditione,
1322 1953 1409 2042 quod

286 2040 394 2125 ipsum
416 2037 531 2103 ducem
561 2037 602 2104 ad
624 2039 762 2124 gratiam
791 2039 876 2124 regis
905 2039 1094 2127 perduceret
1115 2061 1254 2126 eumque
1282 2038 1409 2104 fidelem

285 2123 319 2187 in
342 2122 490 2188 omnibus
511 2124 581 2208 regi
601 2122 729 2204 faceret,
752 2123 802 2188 vel
822 2124 930 2209 ipsum
945 2134 1085 2189 castrum
1099 2123 1204 2188 denuo
1221 2123 1409 2209 resignaret.

287 2206 406 2295 Sicque
436 2229 494 2271 rex
521 2207 721 2293 Aquisgrani
748 2209 891 2290 accessit,
922 2207 961 2272 de
990 2208 1190 2294 disponendo
1212 2205 1410 2294 reipublice

287 2301 372 2356 statu
395 2289 562 2355 consilium
584 2291 761 2356 habiturus.
810 2291 861 2356 lbi
883 2293 965 2357 tristi
986 2314 1043 2357 aus
1068 2293 1124 2356 itio
1146 2291 1255 2356 audita
1276 2292 1408 2356 navium

287 2374 514 2461 depredatione
536 2373 765 2461 hominumque
787 2397 917 2440 suorum
949 2314 1070 2441 crudeli
1099 2377 1269 2457 occisione,
1291 2399 1350 2441 rex
1376 2386 1409 2442 et
1437 2377 1438 2382 ’

287 2462 457 2524 otimates
483 2459 534 2524 sui
561 2458 661 2523 nimia
688 2459 787 2522 animi
827 2461 1039 2526 commotione
1071 2461 1262 2543 exacerbati,
1297 2482 1409 2525 versus

318 2564 447 2608 oronam
469 2543 674 2625 divertentes,
689 2543 698 2605 i
725 2565 792 2606 sam
809 2544 972 2610 civitatem
987 2546 1021 2607 in
1036 2545 1142 2610 furore
1158 2554 1191 2610 et
1210 2545 1245 2608 in
1266 2545 1314 2608 ira
1335 2565 1409 2608 cum

285 2625 536 2692 inhabitantibus
558 2627 637 2712 igni,
660 2565 746 2709 cede,
768 2628 889 2714 rapinis
911 2628 1054 2694 funditus
1076 2637 1217 2694 evertere
1232 2627 1408 2695 molieban-
1437 2685 1442 2702 ,

285 2721 346 2776 tur.
390 2710 591 2775 Veronenses
619 2711 730 2793 territi,
760 2713 908 2775 comitem
939 2712 979 2778 de
1001 2713 1161 2800 Liningen
1189 2713 1283 2779 etde
1306 2714 1328 2779 S
1353 2734 1409 2776 an·

286 2794 371 2858 heim
394 2793 573 2877 sollicitant,
597 2816 733 2881 quorum
755 2795 886 2860 consilio
909 2806 941 2862 et
961 2797 1092 2880 auxilio,
1120 2797 1203 2862 datis
1230 2735 1407 2880 obsidibus,

286 2878 349 2942 300
370 2880 486 2942 marcis
514 2901 548 2943 se
568 2877 711 2977 periculo
739 2891 936 2944 exemeumt.
985 2881 1105 2948 Comiti
1131 2882 1226 2947 etiam
1249 2881 1289 2945 de
1312 2881 1409 2946 Seine

286 2971 394 3026 notam
417 2963 677 3027 huius‘crrminis
699 2964 919 3050 principaliter
940 2964 1093 3048 obiciunt,
1115 2965 1205 3030 illum
1232 2976 1407 3048 auctorem,

285 3043 375 3109 illum
396 3047 487 3130 regni
508 3046 726 3113 insidiatorem
743 3057 965 3131 contestantes,
981 3051 1149 3135 presertim
1164 3051 1198 3113 in
1213 3050 1304 3114 cuius
1323 3059 1409 3114 terra

287 3140 319 3195 et
348 3153 367 3194 a
397 3132 489 3195 cuius
517 3131 700 3196 hominibus
727 3133 902 3218 dampnum
931 3134 992 3198 hoc
1017 3135 1111 3198 nimis
1141 3132 1407 3199 contumeliosum

287 3214 349 3280 sibi
371 3216 550 3302 contigerit,
578 3216 665 3303 quod
693 3217 755 3280 nisi
785 3216 946 3302 condigna
968 3218 1183 3282 satisfactione
1211 3219 1408 3300 restituatur,

286 3300 410 3365 noverit
431 3323 465 3364 se
487 3300 574 3386 regie
596 3301 770 3366 maiestatis
787 3311 1038 3388 cunctorumque
1053 3303 1237 3388 principum
1253 3301 1407 3367 offensam

285 3384 427 3470 graviter
440 3384 612 3448 incurrisse
628 3394 660 3449 et
672 3396 708 3450 ut
722 3385 896 3449 maiestatis
910 3408 1000 3450 reum
1015 3409 1052 3451 ao
1069 3386 1190 3451 hostem
1214 3385 1408 3468 habendum,

286 3468 486 3566 gratiamque
507 3469 593 3554 regis
615 3467 677 3532 sibi
698 3491 828 3554 prorsus
851 3468 1083 3554 denegandam.
1115 3471 1184 3535 Nec
1206 3472 1253 3534 sic
1276 3469 1406 3557 quidem

285 3573 399 3616 insana
420 3553 592 3617 commotio
613 3552 786 3618 furentium
809 3553 913 3618 sedari
935 3563 1069 3640 poterat,
1092 3554 1169 3641 quin
1191 3552 1324 3619 collecta
1349 3577 1407 3620 un-

286 3634 466 3722 decumque
495 3635 697 3702 multitudine
724 3638 854 3702 navium
882 3637 1030 3704 Rhenum
1058 3639 1193 3703 transire
1226 3648 1409 3724 terramque

287 3719 412 3783 comitis
434 3720 562 3805 penitus
585 3720 769 3806 disperdere
790 3722 985 3788 molirentur.
1030 3722 1126 3803 Quod
1148 3723 1258 3809 utique
1284 3722 1406 3788 iactum

285 3801 410 3885 fuisset,
441 3803 468 3866 si
495 3805 622 3868 comitis
650 3805 690 3869 dc
718 3805 878 3892 Liningen
906 3807 998 3871 etde
1021 3807 1196 3892 Spanheim
1225 3829 1290 3872 non
1311 3807 1407 3872 inter·

202 3963 205 3967 .
286 3887 432 3950 cessisset
465 3885 631 3952 industria.
702 3889 774 3954 Rex
804 3891 903 3977 igitur
930 3890 1098 3977 Philippus
1126 3889 1224 3956 nichil
1252 3889 1407 3956 relatione

286 3967 419 4054 dignum
434 3969 483 4034 his
498 3971 531 4034 in
546 3972 690 4056 partibus
705 3983 888 4058 executuse,
903 3996 976 4040 cum
992 3997 1109 4062 magno
1125 3997 1255 4040 suorum
1266 3973 1410 4061 dampno

286 4146 309 4202 ι)
326 4141 397 4192 Bratl.
414 4149 463 4193 Aa.
521 4151 544 4205 b)
561 4152 610 4196 Ool’
625 4154 675 4197 Aa
730 4155 751 4209 c)
767 4157 899 4208 Philltppns
917 4155 955 4198 A!
971 4168 1141 4207 nonnumquam.
1203 4156 1227 4210 d)
1242 4157 1343 4198 Lovsnts
1360 4157 1411 4198 As.

285 4207 307 4261 a)
325 4211 441 4252 exercitus
456 4210 504 4255 At.

288 4357 315 4427 1)
334 4361 381 4413 Ita
400 4359 478 4415 etium
499 4361 594 4417 caron.
614 4364 726 4432 rnptltm.
747 4367 764 4420 l.
785 4367 802 4420 l.
822 4365 908 4419 Aliter
925 4383 980 4419 rem
998 4373 1095 4420 namot
1114 4365 1186 4420 Gont.
1207 4367 1267 4420 ΙΙΙ.
