2988 5058
290 309 344 358 330
420 305 569 358 OLIVERI
588 305 746 358 RELATIO
766 304 816 355 DE
836 304 1085 357 EXPEDITIONE
1105 304 1322 356 DAMIATINA.

214 488 323 544 1²1⁸·et
344 477 385 543 ad
407 476 567 540 sinistram
588 473 761 539 fortissime
782 474 949 558 percussit
993 472 1059 537 Alii
1080 482 1154 558 post
1181 472 1260 538 alios
1289 493 1429 538 succes

291 572 410 639 serunt,
432 561 589 645 superatis
610 557 767 623 hostibus.
811 558 840 625 O
862 556 1031 622 ineffabilis
1052 558 1117 622 Dei
1138 559 1257 644 pietas!
1280 580 1299 622 o
1324 559 1429 621 inex·

290 642 449 734 plicabilis
471 642 715 708 christianorum
741 640 901 707 hilaritas!
929 643 1008 707 Post
1028 665 1066 706 ru
1089 643 1171 706 itum
1192 654 1225 708 et
1245 641 1426 728 planctum

290 730 446 816 gaudium
487 729 626 793 vidimus
664 737 695 792 et
733 727 947 814 triumphum,
992 729 1049 792 Te·
1105 750 1176 790 eum
1212 727 1424 810 laudamus,

290 816 488 881 Benedictus
532 815 685 879 dontinus
720 812 812 876 Deus
849 813 954 876 Israel
990 816 1021 877 et
1065 809 1128 874 alia
1169 812 1295 876 cantica
1342 833 1425 897 gra-

290 902 405 966 tiarum
441 897 515 962 letis
551 896 687 961 vocibus
723 895 912 960 exultantes.
993 893 1203 961 Currentibus
1239 896 1337 961 nobis
1378 895 1425 960 ad

290 1005 416 1048 crucem
439 991 591 1063 sanctam,
613 1004 672 1045 rex
693 979 826 1045 festinus
849 981 889 1045 de
911 1002 994 1066 equo
1016 979 1195 1062 descendit,
1211 988 1243 1045 et
1255 990 1326 1044 toto
1346 1001 1424 1044 cor-

289 1091 367 1156 pore
389 1075 463 1131 ante
483 1067 588 1152 ipsam
610 1075 796 1150 prostratus,
819 1075 927 1150 grates
948 1064 1032 1148 Deo,
1054 1074 1191 1151 quantas
1214 1066 1331 1150 potuit,
1349 1086 1424 1129 non

312 1161 426 1218 uantas
441 1150 567 1231 debuit,
590 1148 815 1234 triumphatori
827 1150 955 1214 Christo
969 1149 1066 1214 Ihesu
1080 1149 1239 1214 referebat
1253 1149 1422 1218 exultans.

288 1177 334 1301 dt
356 1258 432 1302 ecce
455 1235 635 1312 Saraceni,
658 1235 713 1319 qui
734 1235 768 1296 in
789 1234 932 1298 inferiori
947 1244 1038 1319 parte
1053 1235 1150 1298 turris
1168 1232 1322 1316 latebant,
1338 1234 1423 1318 igne

290 1320 456 1405 subposito
480 1317 681 1404 superficiem
705 1319 774 1382 eius
795 1317 937 1404 ligneum
959 1318 1214 1383 combusserunt.
1261 1317 1422 1383 Victores

289 1406 391 1469 nostri
412 1404 477 1468 vim
499 1404 585 1489 ignis
607 1403 763 1467 sustinere
785 1425 850 1466 non
871 1401 1024 1485 valentes,
1045 1403 1183 1487 regressi
1212 1413 1289 1466 sunt
1314 1409 1422 1488 super

290 1487 418 1554 scalam.
441 1487 574 1552 Interim
596 1508 687 1571 pons,
700 1488 756 1572 qui
777 1488 812 1550 in
832 1487 975 1551 inferiori
991 1497 1082 1574 parte
1098 1488 1205 1572 operis
1220 1496 1420 1574 preparatus

288 1574 402 1653 fuerat,
424 1572 582 1636 demissus
606 1579 673 1635 erat
695 1570 736 1634 ad
764 1572 860 1635 turris
883 1572 1000 1656 pedem
1022 1582 1205 1657 angustum,
1226 1594 1285 1658 per
1313 1594 1418 1658 quern

289 1657 404 1722 armati
434 1655 474 1720 de
503 1657 580 1721 navi
606 1654 847 1737 descendentes,
878 1654 1001 1721 malleis
1022 1656 1133 1722 ferreis
1161 1657 1291 1719 ianuam
1314 1656 1418 1720 turris

289 1743 412 1826 agressi
435 1750 517 1822 sunt,
540 1739 784 1804 defendentibus
806 1763 878 1804 eam
902 1741 1086 1805 sarracenis
1108 1741 1308 1804 intrinsecus.
1340 1740 1419 1804 Sta-

289 1827 346 1890 bat
366 1834 474 1889 autem
488 1834 659 1909 utrumque
673 1826 919 1890 instrumentum
937 1846 1034 1910 super
1049 1845 1210 1910 coggones
1226 1823 1418 1889 edificatum

169 1908 452 1989 Auaauinmobile,
474 1908 624 1972 anchoris
647 1917 679 1973 et
699 1908 830 1974 funibus
853 1908 965 1991 fixum,
988 1910 1029 1975 ab
1051 1908 1131 1972 hora
1159 1931 1244 1973 nona
1271 1907 1352 1974 ferie
1384 1911 1415 1975 6.

289 2016 391 2081 usque
413 1993 455 2058 ad
477 1993 589 2058 horam
612 1990 771 2057 decimam
794 1995 956 2092 sequentis
979 1994 1082 2058 sabati
1104 1994 1263 2058 continuis
1291 1991 1416 2058 machi-

289 2101 402 2143 narum
418 2077 535 2143 ictibus
551 2079 744 2163 expositum.
778 2075 976 2142 Resrliebant
997 2087 1104 2142 tamen
1124 2076 1250 2162 lapides
1265 2080 1379 2163 magni
1395 2099 1416 2142 a

289 2161 418 2227 castello
440 2162 623 2228 firmissime
645 2163 779 2244 munito,
810 2162 885 2226 licet
912 2161 999 2226 scala
1028 2169 1101 2225 cum
1130 2162 1274 2226 inferiori
1304 2172 1414 2226 castro

287 2244 505 2333 multipliciter
526 2254 758 2316 concuteretur.
808 2246 955 2310 Tandem
984 2245 1129 2310 conclusi
1150 2247 1184 2310 in
1205 2247 1284 2311 turri
1314 2245 1415 2311 collo-

289 2333 401 2417 quium
434 2340 588 2416 petenteS,
623 2353 656 2395 se
689 2329 882 2395 dediderunt
913 2329 972 2394 sub
1001 2341 1097 2416 pacto
1127 2334 1203 2396 vite.
1267 2330 1413 2411 Quidam

288 2423 396 2480 tamen
419 2437 453 2479 se
475 2437 534 2500 per
553 2414 725 2479 fenestram
747 2415 986 2501 precipitantes,
1007 2437 1067 2500 per
1093 2414 1226 2480 fluvium
1258 2417 1313 2514 qui
1336 2437 1412 2480 ena-

286 2509 354 2564 tare
375 2509 525 2585 poterant
545 2507 742 2566 evaserumt
778 2499 922 2562 Extincti
944 2510 1019 2564 sunt
1039 2501 1074 2563 in
1094 2501 1175 2564 turri
1197 2500 1323 2562 circrter
1339 2521 1413 2564 cen-

287 2593 357 2648 tum
379 2584 508 2668 captivi.
559 2583 695 2646 Inventa
724 2584 851 2647 suntin
879 2605 917 2646 ea
939 2583 1039 2647 multa
1061 2583 1174 2669 spolia,
1197 2593 1229 2649 et
1257 2596 1334 2648 tunc
1357 2582 1412 2648 de-

287 2690 375 2731 mum
397 2669 547 2752 apparuit
567 2665 661 2729 nobis
683 2665 836 2732 fortitudo
859 2668 955 2732 turris
977 2669 1168 2732 intrinsecus
1190 2666 1412 2755 multipliciter

287 2751 489 2815 testudinata.
545 2749 752 2816 Gaudeamus
785 2753 884 2838 igitur
914 2761 946 2816 et
977 2751 1174 2834 exultemus,
1228 2754 1282 2817 uia
1309 2750 1411 2817 clavis

286 2834 411 2919 Egypti
442 2834 535 2899 nobis
568 2833 643 2898 data
675 2846 724 2900 est
756 2845 788 2902 et
819 2835 1009 2923 precipuum
1037 2859 1137 2901 cornu
1164 2775 1412 2902 Babiloniorum

286 2916 371 2981 illicl
397 2915 491 2982 nobis
519 2927 566 2982 est
594 2917 752 2984 collatrim.
804 2921 886 3007 Spes
921 2922 1023 2985 eciam
1057 2923 1219 2986 maxima⁰
1252 2921 1411 3007 capienda

131 3014 185 3058 ΙΝ·
198 3015 278 3068 11,1r.
287 3002 424 3066 civitatis
439 3003 606 3089 promissa,
621 3005 761 3069 maxime
777 3027 851 3069 cum
866 3025 944 3070 voce
964 3007 1109 3070 veritatis
1132 3006 1273 3072 dicatur:
1308 3006 1410 3072 Omne

286 3109 423 3172 reguum
450 3091 487 3152 in
520 3110 552 3152 oe
582 3089 725 3154 diuisum
746 3089 955 3155 desolabitur.
997 3090 1085 3155 Inter
1108 3090 1300 3157 Sarracenos
1322 3092 1410 3155 enim

286 3171 359 3257 plus
382 3193 479 3257 quam
500 3170 608 3236 civilia
630 3171 714 3238 bella
735 3184 898 3258 geruntur.

361 3263 386 3312 6.
406 3263 488 3314 Post¹
505 3269 612 3329 captam
625 3264 757 3330 siquidem
772 3271 870 3316 turrem
883 3267 910 3315 in
925 3265 1055 3331 profundo
1066 3261 1204 3316 fluminisd
1215 3267 1294 3317 sitam
1306 3267 1411 3334 Sapha¹
1472 3313 1474 3318 .

288 3334 366 3386 dinus
385 3337 548 3387 inveteratus
562 3338 673 3400 dierum,
693 3337 822 3389 malorum
842 3338 943 3401 dolore,
963 3340 1034 3388 sicut
1054 3341 1188 3403 asseritur,
1208 3346 1297 3391 tactus
1316 3341 1410 3406 nimio,

288 3409 482 3460 exheredator0
500 3410 642 3461 fratuelum
661 3427 767 3462 suorum
789 3419 816 3462 et
834 3419 975 3478 usurpator
993 3428 1133 3478 regnorum
1145 3413 1217 3475 Asia,
1230 3421 1348 3465 mortuus
1368 3421 1412 3466 cst
1472 3443 1474 3448 ·

288 3489 315 3534 et
333 3483 453 3550 sepultus
478 3485 506 3532 in
524 3485 636 3535 interno.
675 3485 846 3536 Postmodum
872 3488 899 3536 in
923 3487 992 3536 festo
1017 3487 1104 3536 sancti
1123 3488 1247 3552 Dyonisii
1266 3489 1412 3540 sarraceni

287 3573 346 3606 cum
366 3550 500 3621 galeidiss
519 3560 627 3608 armatis
646 3559 773 3624 inprovisi
793 3560 941 3622 venientes,
962 3565 988 3610 et
1006 3559 1166 3626 principalia
1186 3568 1342 3622 castrorum,
1361 3562 1411 3612 ubi
1473 3601 1474 3606 ,

286 3630 400 3681 Romani
413 3631 530 3680 tentoria
543 3630 663 3694 fixerant,
682 3633 850 3695 invadentes,
871 3633 977 3684 modica
990 3649 1071 3684 manu
1085 3634 1288 3686 christianorum
1307 3635 1410 3702 repulsi
1473 3627 1474 3656 r

286 3709 370 3754 sunt&
389 3703 424 3752 ad
444 3703 575 3768 galeidas,
608 3705 653 3770 qui
681 3705 787 3770 gladios
813 3708 1030 3773 persequentium
1058 3714 1085 3757 et
1111 3709 1227 3760 fluminis
1251 3712 1408 3774 voraginem

201 3468 245 3510 Oct.
255 3469 275 3510 9.

287 3845 431 3901 aleuperscr.
448 3859 465 3888 a.
533 3849 629 3902 b)illisi
645 3863 662 3892 c.
724 3849 855 3903 c)maxlme
871 3865 928 3894 corr.
946 3855 1048 3894 maxima
1063 3867 1080 3894 a
1142 3854 1399 3908 numanatensi

287 3905 309 3958 e)
327 3915 350 3946 et
364 3911 497 3957 peremptor
511 3909 608 3950 fratrum
624 3911 651 3952 L.
726 3909 834 3964 ogalets
858 3917 881 3952 et
899 3913 979 3954 loricis
994 3915 1076 3954 armati
1092 3913 1119 3958 L.
1198 3913 1222 3966 g)
1239 3917 1409 3956 recurrentium

287 3966 395 4007 celeriter
408 3967 437 4006 ad
453 3967 532 4016 galeas
548 3970 574 4010 L.

289 4096 317 4162 1)
343 4097 489 4165 Sequentia
515 4118 547 4154 ea
573 4103 658 4154 altena
684 4102 795 4168 epistola
820 4103 977 4171 Eripeiberto
1003 4103 1197 4172 archiepiscopo
1223 4107 1297 4171 data,
1324 4124 1407 4172 quam

287 4170 371 4223 edidit
392 4173 516 4227 Gelenius
534 4193 562 4240 p.
581 4176 641 4227 329.
680 4177 821 4244 Epitoruen
840 4177 953 4230 continet
972 4177 1084 4231 historia
1103 4180 1160 4232 cod.
1180 4179 1278 4248 Lupd„
1299 4198 1332 4232 ea
1351 4198 1406 4246 qua

283 4262 375 4310 pauca
393 4255 496 4299 tantum
515 4249 629 4300 enatam.
