3098 4982
197 366 383 421 CHRONIOA
397 367 509 420 REGIA
523 366 775 422 OOLONIENSIS.
796 370 900 422 CONT.
912 373 959 424 IV.
978 373 1010 424 A.
1023 371 1102 424 1231.
1115 372 1195 424 1232.
1229 327 1281 426 2d3

165 559 248 623 pape
269 557 367 622 super
389 544 558 623 paternum
579 535 714 602 fundum
730 538 910 602 constituto.
953 537 1033 603 Inde
1054 539 1229 625 imperator
1249 542 1284 606 in

164 618 318 707 Apuliam
339 620 542 686 revertitur-¹.

248 704 357 769 Padus
378 703 496 770 fluvius
518 705 552 767 in
572 702 666 768 Italia
694 703 882 770 mirabiliter
903 706 1053 772 exundat.
1139 708 1280 796 Eclipsis

163 787 239 853 solis
292 788 469 853 articularis
501 788 588 852 facta
609 798 657 853 est
685 790 770 853 circa
799 799 903 854 ortum
929 789 1005 854 solis
1033 792 1062 856 2.
1085 792 1162 857 Idus
1183 795 1387 859 Iuniiruarr.

278 872 372 938 odem
404 894 488 938 anno
521 873 696 958 imperator
722 873 874 938 Ravenne
907 875 1029 938 curiam
1059 874 1199 942 celebrat
1226 878 1279 944 die

162 955 278 1022 natalis
313 957 463 1038 Domini,
504 956 625 1022 ibidem
661 958 841 1043 imperialit
876 956 1057 1024 diademate
1098 961 1385 1046 insignitusnaaa

162 1041 247 1106 Ante
283 1040 366 1105 hanc
403 1043 525 1105 curiam
561 1041 687 1105 circiter
726 1051 790 1106 tres
827 1064 951 1106 menses
987 1042 1172 1108 Ludvieusb
1210 1045 1279 1111 dux

162 1124 328 1190 Bawarie⁰
351 1129 370 1189 a
392 1125 532 1211 quodam
556 1125 743 1208 Sarraceno,
773 1127 890 1192 nuncio
912 1127 1021 1191 Vetuli
1042 1127 1083 1191 de
1104 1128 1277 1211 Montanis‚

161 1211 195 1273 in
217 1209 322 1274 medio
345 1231 475 1274 suorum
497 1218 546 1274 est
568 1210 701 1274 occisus.
745 1209 828 1274 Nam
855 1210 942 1274 idem
963 1210 1097 1276 Vetulus
1126 1212 1167 1276 de
1187 1214 1277 1279 Mon-

161 1295 244 1357 tanis
266 1295 452 1380 imperatori
467 1293 698 1375 confederatus,
720 1293 836 1358 multas
850 1295 993 1376 iniurias,
1016 1318 1095 1381 quas
1109 1297 1195 1361 idem
1211 1299 1279 1363 dux

160 1378 347 1463 imperatori
378 1377 537 1460 intulerat,
569 1378 706 1443 intendit
737 1377 910 1444 vindicare.
961 1379 1034 1444 Hoc
1065 1389 1172 1445 autem
1205 1402 1278 1446 con-

160 1463 296 1526 scientia
324 1462 527 1549 imperatoris
557 1463 696 1527 creditur
722 1471 848 1548 gestum
879 1485 959 1544 esse,
997 1464 1073 1550 quia
1102 1465 1278 1551 imperator

132 1554 135 1558 ’
161 1548 267 1631 ipsum
288 1545 405 1611 ducem
427 1545 523 1633 paulo
538 1556 613 1611 ante
628 1546 830 1612 diffidaverat
851 1548 885 1611 in
899 1545 995 1613 rebus
1019 1555 1050 1612 et
1071 1548 1105 1612 in
1126 1571 1276 1636 persona,

161 1630 259 1695 misso
281 1631 323 1694 ad
345 1631 406 1695 hoc
427 1632 540 1696 nuntio
563 1630 705 1716 speciali.

245 1713 456 1801 Archiepisco
481 1737 519 1779 us
548 1713 748 1780 Coloniensis
781 1736 854 1779 cum
883 1714 1022 1801 capitulo
1051 1715 1162 1782 Sancti
1189 1719 1276 1783 Petri

160 1797 322 1882 dissentit3
375 1822 416 1864 ue
468 1799 601 1864 issensio
629 1798 802 1863 multorum
830 1798 987 1864 malorum
1017 1801 1186 1865 seminium
1205 1801 1275 1866 fuit.

244 1822 453 1948 Rudolqtusd
475 1884 515 1948 de
536 1883 693 1948 Kuvorde
723 1892 755 1947 et
782 1883 832 1948 sui
854 1883 1028 1969 complices
1052 1887 1071 1947 a
1093 1884 1275 1951 Traiecten·

158 1966 249 2032 sibus
270 1968 305 2030 in
325 1978 403 2032 rotis
425 1967 677 2054 confringuntur.

530 2071 624 2134 Anno
646 2069 780 2134 Domini
803 2069 895 2134 1232.

242 2154 291 2218 Im
317 2164 421 2220 erator
451 2152 484 2242 [a
506 2155 580 2242 ud0]
609 2154 797 2218 Ravennam
824 2175 966 2234 manens,
996 2151 1115 2219 bellum
1144 2154 1274 2220 molitur

160 2246 272 2302 contra
294 2176 540 2323 liongobardbs,
575 2237 631 2303 sed
663 2260 728 2302 non
760 2237 899 2323 proficit,
928 2235 1152 2322 Longobardis
1184 2241 1272 2304 viam

156 2321 420 2408 precludentibus
441 2322 508 2387 filio
531 2344 588 2387 suo
610 2322 699 2407 regif
720 2331 752 2387 et
766 2320 883 2386 milicie
899 2319 1143 2388 Germanorum.
1178 2323 1274 2388 Circa

158 2407 296 2472 mediam
319 2407 600 2556 puadragesimam
629 2407 815 2492 imperator,
837 2406 992 2470 Ravenna
1016 2404 1136 2488 relicta,
1166 2407 1272 2472 navali
1283 2428 1351 2474 nare.

155 2513 253 2555 cursu
266 2502 320 2557 ten
344 2494 370 2556 it
380 2491 595 2639 Arpiilegiam.
617 2490 719 2555 lnde²
734 2492 849 2556 itinere
864 2490 1021 2554 transiens
1031 2512 1094 2638 per
1102 2492 1271 2573 Venecias,

155 2574 276 2640 ibidem
302 2576 416 2640 honori
440 2598 477 2640 ce
507 2576 687 2661 suscipitur,
721 2584 752 2640 et
785 2577 947 2661 ingressus
975 2595 1030 2638 ecc
1043 2576 1164 2640 etiams
1186 2574 1272 2641 beati

157 2658 268 2739 Marci,
301 2681 397 2745 super
428 2658 526 2726 altare
556 2659 699 2724 eiusdem
727 2659 812 2725 dona
839 2657 932 2724 offert
962 2658 1092 2743 regalia,
1128 2682 1206 2725 auro
1239 2670 1272 2726 et

155 2743 291 2828 gemmis
319 2743 478 2808 decorata.
521 2743 620 2829 Apud
646 2744 851 2829 Aquilegiam
900 2742 997 2807 ascha
1024 2743 1173 2827 celebrat,
1205 2743 1270 2811 filio
1281 2761 1383 2813 Arari.

156 2848 214 2890 suo
235 2847 312 2910 rege
333 2826 375 2891 ad
396 2827 503 2912 ipsum
524 2829 674 2893 veniente
702 2838 733 2894 et
762 2767 953 2914 quibusdam
975 2828 1176 2914 principibus
1197 2827 1270 2894 Ale-

156 2911 293 2974 mannie.
327 2908 424 2975 Oiroa
442 2913 662 2976 ascensionem
680 2913 854 2998 imperator
871 2911 905 2974 in
921 2910 1074 3009 Apuliam
1091 2911 1270 2997 regreditur
1280 2931 1380 2975 nasso.

154 2994 262 3059 navali
283 2995 405 3079 itinere,
434 2995 467 3058 in
487 2997 540 3059 via
567 2994 722 3081 plurimos
744 2997 864 3082 piratas
894 3004 990 3079 capit,
1020 3016 1102 3082 quos
1130 2996 1267 3061 vinculis

155 3079 327 3164 mancipat.
413 3077 572 3144 Saldanus
587 3077 755 3144 Babilonie
776 3079 962 3164 imperatori
979 3080 1076 3143 mittit
1096 3081 1268 3144 tentorium

154 3162 291 3227 mirifica
319 3172 387 3228 arte
416 3172 644 3246 constructum,
677 3163 711 3226 in
739 3183 802 3250 quo
829 3162 997 3247 ymagines
1029 3160 1105 3226 solis
1137 3174 1169 3227 et
1193 3162 1269 3228 lune

154 3246 363 3312 artificialiter
393 3257 480 3312 mote
512 3268 642 3312 cursum
674 3269 767 3313 suum
807 3245 903 3310 certis
937 3253 969 3310 et
1000 3243 1118 3311 debitis
1151 3248 1268 3311 saciis

152 3340 325 3418 peragrant
347 3341 379 3396 et
392 3331 486 3396 horas
502 3332 567 3396 diei
586 3342 618 3396 et
637 3331 741 3396 noctis
762 3326 970 3394 infallibiliter
983 3328 1136 3394 indicant
1167 3269 1268 3394 buius

152 3417 282 3482 tentorii
313 3416 405 3481 valor
436 3417 550 3500 viginti
581 3414 724 3480 miliumh
760 3433 940 3479 marcarum
972 3414 1118 3497 precium
1151 3413 1269 3478 dicitur

152 3499 395 3565 transcendisse.
438 3499 511 3565 Hoc
533 3501 616 3565 inter
642 3500 808 3565 thesauros
830 3495 952 3582 regiosi
980 3496 1068 3582 apud
1089 3496 1268 3562 Venusium

151 3594 202 3648 est
221 3585 409 3669 repositum.
451 3584 633 3650 Accedente
647 3582 770 3683 pascha
786 3584 1034 3648 sarracenorum
1049 3582 1082 3644 in
1097 3582 1150 3646 die
1164 3579 1266 3646 Maria

151 3667 342 3753 Magdalene
363 3668 538 3754 imperator
558 3670 716 3733 nuncios*
738 3666 911 3768 soldaniuet
925 3663 1032 3765 Vetuli
1048 3665 1089 3765 de
1103 3665 1266 3764 Mentanis
1277 3689 1366 3737 rura.

151 3749 194 3815 ad
215 3751 398 3816 convivium
412 3761 516 3835 vocat,
540 3763 572 3818 et
592 3754 662 3837 εἰεί,
692 3751 799 3818 multis
821 3771 979 3838 episcopis
1000 3750 1213 3816 assrdentrbus
1235 3759 1267 3816 et

151 3967 176 4022 a)
199 3971 303 4012 interiali
319 3971 400 4014 Bm.
416 3971 457 4023 01,
473 3983 530 4013 corr.
547 3972 602 4022 imp.
620 3973 661 4013 οἳ.
722 3968 990 4024 b)1mdewtcns01.2.
1050 3966 1203 4019 c)Bauwarte
1220 3969 1266 4011 01.

149 4018 244 4080 d)Rt⁰1d.
261 4030 306 4072 01.
372 4029 394 4083 e)
411 4031 584 4082 aaronem
605 4043 631 4071 m.
647 4044 665 4072 s.
682 4031 732 4072 XV.
747 4031 843 4071 additum
859 4030 901 4071 02.
975 4025 1062 4078 orces
1078 4038 1133 4070 corr.
1152 4028 1265 4078 rangl.

151 4087 175 4140 3)
192 4090 217 4129 ln
233 4099 253 4131 e.
271 4091 313 4130 02.
373 4088 397 4142 b)
414 4090 480 4130 milla
497 4091 539 4132 02.
600 4089 617 4142 l)
633 4091 688 4131 deest
705 4090 747 4132 01.
808 4087 897 4141 k)post
911 4085 1266 4138 eapptfli,atiosntecorr.

151 4149 168 4200 l)
185 4158 226 4190 eos
241 4160 299 4192 corr.
316 4151 350 4190 ets
366 4150 414 4189 Bl.

152 4296 181 4365 1)
200 4298 277 4352 Haec
296 4299 333 4351 od
353 4316 379 4352 o.
400 4300 481 4351 1230.
499 4299 639 4367 pertineat.
716 4297 745 4365 2)
764 4297 897 4351 Ravenna
920 4298 1056 4364 profectus
1082 4303 1119 4352 est
1145 4294 1267 4349 Venetiae

30 4434 34 4444 Ι
150 4377 176 4424 et
194 4371 258 4426 inde
276 4371 455 4442 Aquilept'am.
