3122 4978
166 403 354 458 CHRONIOA
364 371 476 457 liliola
487 405 738 460 COLONIENSIS.
753 407 856 463 OONT.
867 409 904 459 11.
924 408 957 459 A.
970 407 1050 460 1214.
1064 409 1144 461 1215.
1198 410 1250 461 193

131 574 260 658 signum
282 582 392 638 sancte
425 573 529 637 crucis
559 573 706 639 omnibus
739 574 781 640 ad
813 575 1008 640 audiendum
1030 574 1164 641 verbum
1186 576 1251 641 Dei

131 655 413 722 circumstantibus
436 678 509 722 oum
532 657 688 723 immenso
711 657 864 724 claritatis
883 658 1007 745 fulgore
1021 660 1055 723 in
1070 659 1136 724 celo
1152 682 1250 746 appa-

128 741 202 822 ruit,
224 741 358 828 ipseque
379 742 533 828 magister
554 741 713 807 Iohannes
740 745 874 828 strepitu
895 741 1116 809 tumultuantis
1137 744 1250 830 populi

129 825 263 907 excitam,
295 847 375 911 quos
395 826 430 887 in
458 826 653 910 predicando
682 849 810 913 semper
837 826 960 892 clausos
987 828 1116 896 tenebat
1142 827 1249 892 oculos

129 909 287 995 aperiens,
310 930 438 974 crucem
460 911 543 973 sicut
565 911 662 974 ceteri
693 921 725 975 et
745 913 816 997 ipse
837 909 983 977 similiter
1003 910 1084 976 vidit
1108 953 1143 962 -
1168 913 1250 976 mira

130 1007 195 1057 res·
204 1001 236 1058 et
256 992 298 1057 ad
320 992 572 1057 confirmandam
598 1017 641 1081 po
664 993 710 1058 uli
737 995 834 1059 fidem
855 996 960 1082 magis
988 997 1157 1081 magisque
1178 997 1189 1058 i
1214 1016 1250 1059 sa

129 1078 177 1141 rei
203 1077 327 1141 novitas
356 1077 564 1142 ammiranda.
647 1100 699 1142 am
726 1079 782 1159 hii,
813 1080 869 1166 qui
895 1080 991 1144 rebus
1020 1017 1249 1165 temporalibus

129 1160 327 1243 insistebant,
359 1161 572 1227 vociferantes
601 1171 633 1227 et
660 1184 788 1227 sursum
819 1164 1012 1248 aspicientes
1040 1161 1248 1246 mirabantur,

130 1244 239 1343 agnita
266 1267 343 1309 vero
370 1246 418 1310 rei
443 1248 587 1328 veritate,
618 1246 653 1309 in
680 1245 785 1312 celum
810 1248 970 1312 intuentes
1004 1269 1077 1312 cum
1104 1247 1249 1336 ni[ohil]²

130 1327 266 1477 inpieque
289 1329 455 1418 [polssent
478 1329 701 1416 obstupefacti,
723 1331 841 1396 relictis
864 1331 1034 1478 qquncltisa
1052 1331 1169 1417 quibus
1190 1333 1249 1395 im-

129 1410 214 1498 phca
237 1415 345 1499 ant[ur
365 1415 548 1502 negolciist,
580 1415 626 1478 eis
655 1417 712 1502 qui
739 1415 840 1479 verbo
898 1417 928 1480 ei
957 1414 1154 1480 adherebant
1180 1437 1249 1480 sese

130 1497 245 1562 devote
274 1497 517 1580 coniunxerunt,
549 1499 615 1562 acsi
648 1498 744 1564 corde
774 1521 834 1563 con
859 1500 947 1564 uncti
975 1521 1049 1563 oum
1076 1499 1191 1564 ceteris
1218 1510 1250 1565 et

128 1581 193 1666 ipsi
215 1603 343 1645 crucem
363 1581 527 1665 viderunt3
560 1583 645 1647 unde
673 1605 711 1648 ca
738 1583 790 1648 die
816 1521 888 1668 pius
932 1606 1007 1648 uam
1040 1580 1125 1647 mille
1158 1584 1249 1668 quin·

129 1666 218 1749 genti
240 1687 370 1730 crucem
391 1675 605 1752 sumpserunt.
647 1668 730 1732 Item
752 1668 785 1730 in
807 1677 891 1732 terra
910 1606 1138 1732 Irisoeuorum
1160 1667 1250 1752 apud

131 1749 292 1813 civitatem
327 1750 487 1836 quandam
520 1749 698 1815 Holovero¹
735 1753 864 1816 maioris
891 1749 1023 1815 ecclesie
1053 1752 1086 1813 in
1114 1749 1250 1815 Colonia

130 1831 297 1898 scolastico
319 1842 462 1919 tempore
484 1834 624 1920 quodam
645 1833 780 1899 verbum
804 1836 908 1899 crucis
930 1833 1126 1920 predicante,
1153 1833 1250 1898 simili

130 1916 226 1981 modo
249 1939 329 1982 crux
352 1920 387 1982 in
408 1918 476 1984 celo
498 1919 572 1981 miri
586 1917 719 2002 fulgoris
734 1919 897 2005 apparuit3
921 1940 985 2005 quo
1000 1919 1081 2001 viso,
1102 1919 1175 2003 ipsa
1196 1918 1249 1983 die

130 2001 378 2066 innumerabiles
400 2003 517 2088 signati
539 2011 621 2067 sunt.

373 2091 467 2158 Anno
488 2095 648 2160 dominice
669 2096 896 2160 incarnationis
919 2095 1010 2158 1215.
1233 2178 1248 2220 b

131 2261 267 2326 diversis
298 2263 333 2325 in
363 2260 442 2326 locis
464 2262 619 2327 fabricate
652 2261 1072 2326 sunt.''F1ide1icus⁰'rex
1103 2262 1137 2323 in
1166 2260 1248 2326 festo

131 2356 241 2411 sancte
267 2343 454 2444 Walburgis
487 2346 713 2412 Andemacum
744 2347 844 2427 venit,
881 2345 938 2411 ubi
970 2345 1037 2408 dux
1064 2344 1343 2428 Brabantie,rrar.r.

131 2432 263 2495 comites
289 2428 430 2515 plurimi,
459 2427 582 2496 nobiles
609 2430 768 2494 innumeri
794 2431 862 2517 regi
888 2428 986 2493 fidem
1015 2429 1168 2493 feceruut.
1210 2429 1248 2492 In

129 2514 241 2599 vigilia
262 2515 365 2578 sancti
386 2511 496 2578 iacobi
520 2537 593 2578 cum
620 2513 727 2579 multis
755 2513 956 2613 principibus
978 2512 1082 2598 Aquis
1103 2513 1248 2595 accessit,
1259 2535 1302 2577 rut.
1313 2536 1347 2576 er.

130 2598 187 2663 ubi
214 2620 234 2662 a
256 2596 438 2683 sigefrid0⁶
460 2597 646 2684 Mogontino
676 2597 930 2684 archrepiscopo,
958 2595 1133 2682 apostolice
1163 2596 1248 2661 sedis

128 2681 245 2768 legato,
267 2683 301 2745 in
322 2682 374 2746 die
397 2691 507 2747 sancto
527 2683 746 2764 intronizatus,
768 2681 986 2768 sollempniter
999 2690 1096 2766 atque
1110 2679 1248 2766 gloriose
1259 2703 1302 2745 aa.
1313 2702 1349 2744 ss.

129 2767 165 2830 in
185 2788 294 2852 regem
315 2774 364 2830 est
385 2775 600 2835 consecratus.
644 2765 791 2830 Vacabat
813 2767 897 2832 enim
919 2777 996 2829 tunc
1017 2765 1171 2851 temporis
1187 2763 1249 2830 Oo-

129 2849 281 2915 loniensis
303 2847 439 2915 ecclesie
459 2849 711 2935 archiepiscopo,
739 2851 831 2914 cuius
852 2850 931 2914 iuris
953 2858 1022 2914 erat
1042 2871 1152 2934 regem
1175 2870 1249 2912 con-

130 2954 266 2999 secrare.
351 2931 476 2997 Eodem
497 2943 642 3019 tempore
664 2932 800 2997 Adolfus
823 2955 931 2997 comes
960 2942 1100 2997 castrum
1123 2932 1249 3016 regium

128 3017 301 3098 Werdene,
323 3038 342 3079 a
363 3018 468 3115 capite
496 3018 607 3082 ieiunii
628 3017 794 3081 obsessum
812 3026 844 3081 et
862 3017 927 3080 iam
949 3038 991 3080 ex
1017 3025 1109 3102 perte
1131 3037 1356 3100 magnaram.

132 3101 313 3182 suffossum,
336 3111 486 3188 cep1t²,e
510 3101 657 3187 iscopum
677 3100 972 3181 Monasteriensem,
995 3119 1193 3185 perannum
1216 3109 1249 3164 et

128 3205 255 3250 menses
306 3194 421 3248 uatuor
441 3123 563 3248 ibiiem
585 3185 785 3270 captivatum
794 3194 816 3264 ³,
838 3182 986 3266 absolvit,
1014 3204 1110 3269 quem
1137 3205 1248 3246 secum

129 3271 232 3354 Aquis
243 3207 417 3334 adiuctum
431 3291 466 3332 re
491 3268 522 3312 ’θ
537 3269 749 3354 presentavit;
765 3269 817 3331 cui
831 3290 890 3331 rex
905 3276 1046 3331 castrum
1060 3265 1247 3350 resignavit.

128 3352 313 3438 Episcopus
337 3361 447 3416 contra
462 3291 667 3418 {blonieuses
690 3352 922 3438 querimoniam
945 3372 1042 3436 super
1064 3349 1249 3434 captivitate

130 3458 189 3502 sua
217 3438 400 3523 proposuit,
438 3457 543 3500 comes
573 3435 613 3501 de
641 3435 725 3501 facto
755 3456 812 3500 suo
839 3457 859 3498 a
884 3456 961 3520 rege
988 3442 1020 3498 et
1046 3432 1248 3520 principibus

129 3543 228 3609 quam
242 3519 416 3607 plurimum
431 3519 680 3584 commendatur.
701 3519 753 3590 4!
766 3517 839 3584 Kal.
848 3519 1013 3603 Augustas
1027 3539 1085 3582 rex
1097 3516 1249 3580 Nussiam

129 3605 231 3687 venit3
257 3604 343 3669 unde
364 3604 468 3689 pridie
488 3603 597 3668 Nonas
618 3604 762 3669 eiusdem
785 3601 953 3668 Coloniam
974 3603 1147 3687 ingressus,
1176 3599 1250 3666 licet

128 3687 237 3753 multis
257 3689 479 3754 resistentibus
500 3687 737 3774 plurimumque
758 3684 1019 3768 reclamantibus,
1049 3684 1180 3750 tandem
1202 3707 1249 3748 se-

128 3772 213 3838 datis
235 3771 518 3837 tumultuatiouum
544 3772 781 3854 controversiis,
807 3771 855 3836 uti
876 3770 998 3855 regiam
1025 3767 1248 3834 excellentiam

129 3997 154 4052 ι)
170 4000 266 4050 fissurae
287 3999 380 4041 stortae.
440 3997 464 4050 b)
485 3999 580 4048 epatium
601 3999 668 4038 anim
684 4003 703 4038 et
723 3998 824 4038 dimidiae
846 3997 1022 4036 toamnasarim
1037 3995 1133 4034 relictum
1153 3999 1185 4034 est
1201 3993 1249 4036 Ab.

131 4057 152 4110 o)
169 4059 299 4098 'l'rirorieus
316 4058 362 4098 Aa.
423 4056 447 4108 d)
464 4058 579 4099 Sidetrldo
596 4056 644 4097 Aa.
706 4054 728 4108 e)
746 4058 783 4096 cui
798 4067 839 4096 rex
854 4067 888 4106 pr.
906 4066 926 4095 c.
944 4065 964 4094 s.
979 4054 1030 4101 regi
1045 4064 1064 4094 r.
1081 4052 1129 4093 Aa.
1191 4053 1249 4103 Ode

130 4128 221 4158 nmero
242 4128 288 4157 non
310 4121 406 4166 constat,⁸
423 4117 523 4165 sortasse
539 4118 602 4156 circs
617 4117 669 4157 Kal.
692 4117 809 4166 legendum,
832 4125 879 4154 cum
898 4114 1028 4154 modericus
1047 4122 1114 4162 aeque
1136 4112 1166 4151 ad
1181 4112 1249 4164 finem

131 4177 211 4216 manua
226 4177 268 4216 lez,
286 4176 421 4226 equinorum·
436 4175 516 4215 sedisse
531 4176 637 4216 videatur.

134 4327 163 4394 1)
182 4331 201 4381 i.
213 4347 235 4383 e.
252 4329 372 4393 Olioer03
390 4332 425 4397 ef.
436 4329 544 4382 Emoms
554 4331 653 4393 ebron,
668 4326 718 4381 Sil.
731 4326 842 4389 XXIII,
848 4343 878 4391 p.
890 4327 953 4391 4⁷3,
967 4334 991 4379 et
1004 4324 1102 4377 Olioeri
1115 4321 1252 4390 epistolam

131 4403 207 4470 infra
226 4404 332 4456 editam.
407 4402 754 4470 2)Iul.24,·00nt.111.
830 4396 859 4466 3)
885 4399 915 4452 V.
936 4417 960 4452 a.
983 4399 1063 4451 1214.

1002 4485 1041 4550 13
