3122 4978
297 359 349 409 202
397 354 582 409 CHRONIOA
602 353 714 406 Ruunt
733 352 985 406 COLONIENSIS.
1006 353 1107 408 CONT.
1128 356 1180 406 ΙΙΙ.
1200 355 1232 407 Α.
1254 355 1334 406 1203.

668 526 832 579 Receuaio
852 527 876 579 Ι.
896 528 990 580 codd.
1011 526 1040 580 O.

297 615 382 682 sedis
404 613 539 680 ecclesie
560 613 705 678 Romane
726 611 842 712 legato.
885 613 937 679 Ibi
958 614 1055 678 etiam
1082 612 1281 700 lantgravius
1304 613 1419 679 Ottoni

296 701 366 785 regi
387 698 582 779 fidelitatem,
628 718 701 762 uam
723 696 849 782 pndem
870 697 998 779 fecerat,
1021 699 1148 763 iteravit
1162 707 1193 763 et
1208 697 1420 780 confirmavit,

297 784 498 869 presentibus
521 719 667 846 omnibus
691 783 746 866 qui
768 791 845 846 tuno
866 781 1000 846 aderant
1042 781 1228 868 rincipibus.

379 867 457 952 Ipso
472 887 556 930 anno
567 875 711 930 mortuus
727 877 775 931 est
789 865 1007 930 Herimannus
1019 804 1282 931 ldonasteriensis
1296 867 1418 964 cpisco-

296 974 367 1037 pus‚
380 961 412 1016 et
420 952 505 1016 facta
516 958 583 1014 est⁸
594 949 749 1015 dissensio
762 970 820 1034 pro
829 948 998 1031 electione,
1011 972 1085 1014 nam
1124 951 1223 1014 riores
1234 960 1266 1014 st
1276 950 1419 1014 ministe-

296 1033 389 1100 riales
412 1033 575 1120 elegerunt
590 1033 755 1116 Ottonem,
777 1033 906 1098 maioris
927 1034 1080 1099 ecclesiae
1097 973 1280 1100 bremensis
1302 1054 1420 1119 prepo-

298 1121 406 1201 situm,
429 1118 560 1182 comites
583 1127 737 1182 autemst
757 1117 849 1182 liberi
867 1118 1010 1204 ipsisque
1025 1119 1195 1184 attinentes
1211 1117 1361 1182 abbatem
1377 1116 1418 1180 de

297 1202 421 1268 (llaoltl
444 1201 617 1288 elegerunt.
647 1200 731 1266 Oum
752 1202 912 1266 autemid
930 1202 1029 1288 sopiri
1051 1225 1117 1266 non
1136 1213 1254 1289 posset,
1277 1199 1417 1287 appella-

295 1296 411 1352 verunt
420 1285 588 1351 Coloniam
596 1284 638 1350 ad
646 1285 842 1350 audientiam
851 1285 1032 1368 cardinalis,
1046 1296 1081 1350 ut
1094 1288 1162 1351 eius
1173 1285 1293 1350 iudicio
1305 1306 1418 1350 eorum

297 1393 394 1435 causa
414 1371 645 1435 terminaretur.
689 1369 809 1434 Habito
832 1370 930 1453 igitur
946 1369 1095 1435 conflictu
1109 1373 1143 1433 in
1158 1370 1294 1435 ecclesia
1315 1369 1419 1433 sancti

296 1453 510 1536 Pantaleonis,
533 1452 588 1516 ubi
609 1462 686 1517 tune
710 1453 880 1518 cardinalis
902 1465 971 1518 erat
992 1465 1024 1520 et
1045 1454 1245 1540 archiepisco
1269 1476 1307 1518 us
1323 1451 1418 1518 (lolo-

296 1538 417 1603 niensis
432 1536 565 1602 etmulti
581 1538 742 1622 principes
758 1540 1005 1619 convenerantl‘,
1027 1537 1149 1603 scilicet
1170 1537 1239 1601 dux
1282 1537 1419 1602 ovanie⁰

297 1633 329 1688 et
350 1620 486 1686 Adolfus
514 1642 621 1686 eomes
647 1622 688 1685 de
717 1620 961 1687 Scohuinburch
988 1644 1113 1688 necnon
1141 1622 1334 1707 episeopus‘l
1357 1619 1419 1685 Os·

297 1706 559 1791 naburgensis⁰·²
589 1715 620 1771 et
641 1704 696 1769 alii
717 1707 882 1792 principos
904 1728 1002 1792 quam
1024 1707 1140 1792 plures,
1170 1703 1417 1792 allegationibus

298 1789 416 1854 habitis
431 1791 591 1875 utrimque
598 1789 618 1871 l,
641 1810 714 1852 cum
730 1791 893 1854 terminari
908 1793 1014 1876 ipsum
1036 1792 1201 1875 negotium
1219 1812 1284 1854 non
1298 1798 1417 1874 posset,

298 1871 541 1960 appellaverunt
561 1873 603 1937 ad
624 1873 820 1938 audientiam
842 1875 959 1938 summi
973 1875 1132 1960 pontificis
1153 1873 1208 1938 tali
1224 1873 1336 1956 modo,
1357 1881 1419 1935 utss

298 1968 412 2023 neuter
433 1980 542 2022 eorum
571 1959 614 2021 in'
634 1980 684 2022 res
712 1967 743 2023 et
763 1957 850 2022 bona
876 1959 1033 2045 episcopii
1063 1979 1176 2022 manus
1204 1959 1356 2040 mitteret;
1383 1958 1418 2020 in

300 2063 362 2128 quo
385 2049 543 2106 conventu
564 2042 857 2107 excommunicavit
882 2042 1053 2107 cardinalis
1075 2043 1263 2127 episcopum
1284 2041 1418 2126 Maged·

298 2125 539 2211 burgensemhs
575 2135 607 2190 et
628 2126 835 2190 Bremensem
845 2136 868 2208 ⁴,
897 2148 935 2190 eo
964 2127 1050 2212 quod
1078 2127 1238 2191 contraria
1264 2127 1419 2191 sentirent

298 2211 367 2296 regi
390 2210 501 2276 Ottoni
524 2219 634 2292 contra
678 2221 842 2295 receptum
864 2211 1040 2294 apostolici.

207 2377 210 2380 Ι
383 2293 507 2358 Eodem
537 2286 621 2357 anno
651 2233 978 2378 densantinopolim,
1006 2316 1026 2357 a
1053 2292 1263 2358 Constantino
1292 2294 1347 2358 Ma
1371 2315 1432 2358 no-

299 2388 483 2442 constructa
504 2378 551 2440 eti
575 2399 701 2462 semper
723 2376 948 2462 insuperabilis
963 2378 1113 2460 existens,
1134 2400 1172 2442 ca
1195 2379 1289 2442 itura
1363 2399 1418 2441 on·

299 2463 457 2527 stantinus
480 2461 564 2524 enim
593 2461 767 2547 imperator
796 2460 958 2547 quondam
981 2483 1001 2524 a
1022 2463 1115 2528 beato
1139 2402 1290 2528 &svestra
1312 2463 1356 2526 ba
1379 2462 1418 2525 ti·

298 2554 398 2628 aatus,
421 2545 557 2608 Romam
585 2566 660 2608 curn
686 2554 753 2608 tota
774 2543 867 2609 Italia
894 2547 988 2610 beato
1008 2546 1103 2611 Petro
1125 2557 1158 2610 et
1179 2484 1377 2611 suecessorib

300 2629 368 2692 eius
396 2627 548 2692 tradidit⁰
577 2639 608 2693 et
636 2629 669 2690 in
692 2627 810 2693 Grecis
843 2628 956 2694 urbem
988 2631 1126 2694 nominis
1157 2630 1206 2694 sui
1235 2630 1417 2695 Constanti-

1379 2568 1418 2610 US

298 2733 340 2775 no
366 2709 441 2775 olim
476 2712 649 2793 constituit,
686 2734 748 2810 que
779 2713 869 2798 prius
895 2713 1077 2778 Bizantium
1112 2715 1289 2796 dicebatur,
1319 2736 1417 2800 quam

300 2735 409 2860 sedem
431 2795 568 2859 Romani
589 2795 716 2880 imperii
738 2805 770 2860 et
792 2797 896 2883 capud
919 2799 1016 2862 totius
1044 2797 1184 2864 Orientis
1212 2821 1281 2862 esse
1302 2797 1416 2862 voluit.

301 2878 507 2944 Successores
524 2878 641 2943 etiamk
663 2880 730 2944 eius
752 2881 960 2966 imperatores
983 2881 1131 2946 edificiis¹
1149 2882 1326 2968 magnificis
1347 2881 1417 2967 plu-

298 2961 387 3026 ribus
409 2973 441 3027 et
462 2962 582 3028 divitiis
604 2985 674 3027 eam
696 2963 855 3050 replentes
883 2975 1085 3049 ornaverunt,
1115 2967 1265 3053 reliquias
1288 2988 1418 3051 quoque

652 3108 820 3161 Recenaio
845 3109 886 3161 ΙΙ.
914 3111 1005 3163 codd.
1031 3112 1065 3163 B.

297 3221 389 3273 regem
411 3205 591 3270 sollempniter
613 3213 792 3264 consecratur,
842 3208 939 3258 Ibi-
961 3239 994 3248 -·
1017 3206 1163 3277 elegerumt.¹
1214 3197 1309 3262 Unde
1341 3218 1416 3260 con·

297 3278 386 3342 tinuo
399 3278 603 3362 episcopatus
615 3277 749 3344 diversis
762 3277 997 3344 calamitatibus
1006 3291 1038 3345 et
1048 3282 1184 3346 miseriis
1195 3281 1417 3366 pessundatur.

382 3368 485 3419 Eodem
506 3370 608 3419 etiam
629 3380 699 3420 anno
714 3369 981 3437 Constantinopolim,
1002 3387 1018 3422 a
1038 3372 1213 3423 Constantino
1232 3372 1332 3437 Magno
1353 3387 1416 3422 con-

297 3445 407 3504 structa,
424 3442 602 3494 invaditur
622 3449 649 3494 et
668 3444 779 3509 capitur.
809 3444 999 3496 Constantinus
1014 3449 1082 3496 enim
1096 3447 1240 3510 imperator
1253 3445 1386 3511 quondam
1401 3462 1418 3496 a

297 3515 377 3565 beato
396 3515 525 3566 Silvestre
546 3517 705 3584 baptizatus,
725 3517 837 3568 Romam
858 3533 917 3567 cum
937 3522 994 3568 tota
1007 3519 1096 3570 Ytalia
1114 3519 1195 3571 beato
1208 3519 1288 3570 Petro
1309 3525 1336 3570 et
1355 3534 1415 3570 suc-

298 3589 448 3639 cessoribus
474 3590 531 3638 eius
555 3589 667 3640 tradidit
692 3595 719 3639 et
739 3591 767 3639 iu
787 3591 885 3641 Grseia
910 3592 1000 3642 urbam
1025 3593 1139 3642 nominis
1165 3594 1206 3643 sui
1227 3591 1415 3643 Constantino-

297 3661 378 3727 polim
405 3662 549 3720 constitnit,
575 3678 627 3727 que
653 3664 725 3729 prius
746 3665 896 3714 Bizantium
918 3664 1066 3728 dicebatur,
1091 3682 1169 3731 quam
1189 3666 1281 3717 sedem
1301 3667 1417 3716 Romani

297 3734 402 3800 imperii
423 3739 450 3784 et
468 3735 555 3800 capud
573 3738 659 3786 tocius
679 3736 795 3786 Orientis
809 3753 867 3807 9⁸⁵9
887 3737 981 3788 voluit.
1001 3739 1080 3788 Hauc
1095 3740 1176 3790 etiam
1197 3740 1297 3790 divitiis
1309 3738 1416 3805 replens

298 3813 326 3857 ct
337 3805 451 3858 edificiis
464 3823 569 3866 ornans,
585 3808 712 3873 reliquias
732 3816 882 3860 sanctorum
898 3811 1076 3876 apostolorum
1092 3817 1118 3862 et
1130 3812 1242 3863 aliorum
1263 3819 1416 3864 sanctorum

298 3895 331 3930 ex
351 3879 462 3930 diversis
482 3880 574 3930 mundi
591 3883 709 3946 partibus
730 3882 857 3934 collectas
876 3883 1079 3950 illioreposuit.

298 3988 321 4038 a)
338 3988 392 4034 decet
409 3990 449 4028 01.
518 3988 541 4039 b)
558 3991 698 4032 conveniant
714 3993 758 4032 01.
810 3993 967 4045 c)Lovannie
984 3995 1025 4034 01.
1093 3993 1116 4046 d)
1131 3996 1186 4035 dccet
1202 3995 1246 4036 02.
1305 3993 1327 4046 e)
1344 3995 1419 4036 Orna-

297 4040 434 4096 brirkgensls
451 4047 494 4090 Ol.
526 4045 682 4099 Ontrumqus
700 4049 749 4092 ot?
766 4051 796 4090 2?
826 4051 850 4103 g)
864 4058 913 4102 post
928 4055 999 4103 suppl.
1017 4055 1060 4095 02.
1098 4053 1355 4104 nwemburgensis)
1373 4055 1418 4096 01.

297 4104 459 4157 nuceum?
518 4105 543 4157 k)
558 4112 582 4148 et
597 4109 639 4149 02.
699 4109 716 4160 l)
733 4112 789 4150 deest
805 4112 847 4152 02.

300 4200 327 4269 1)
347 4200 468 4254 Ktatola
520 4202 549 4268 2)
570 4204 734 4258 cateruas.
782 4205 811 4273 3)
830 4205 986 4274 liudolfum.
1025 4208 1054 4274 4)
1072 4208 1247 4263 Hortwicum.
1293 4207 1321 4275 ὅ)
1340 4209 1419 4262 Haec

299 4275 335 4326 ad
355 4293 380 4326 a.
396 4276 475 4328 1204.
485 4277 628 4342 pertinere,
647 4281 712 4331 satia
731 4286 840 4342 coastat,
861 4283 907 4334 aad
927 4289 988 4333 onte
1003 4283 1108 4346 parebo
1119 4288 1194 4348 qesta
1207 4288 1275 4334 aunt.
1315 4282 1344 4352 6)
1356 4282 1418 4334 Pri·

297 4348 420 4416 aileyiam
431 4351 537 4416 falsum
557 4352 678 4404 chronico
696 4353 808 4408 inseruit
826 4356 970 4408 monachus
991 4352 1020 4406 S.
1040 4354 1225 4420 Pantaleonis3
1244 4373 1328 4424 supra
1341 4373 1374 4422 p.
1391 4358 1418 4410 6.
