3122 4978
279 393 332 445 220
364 391 553 446 CHRONIOA
564 390 678 443 aucit
691 389 943 442 COLONIENSIS.
964 389 1067 441 CONT.
1077 391 1129 440 111.
1150 392 1183 444 Α.
1196 389 1275 440 1204.
1288 389 1368 441 1205.

657 562 822 615 Recensio
842 563 867 614 Ι.
888 564 981 615 codd.
1002 562 1030 616 C.

280 675 354 717 cum
391 655 457 718 suis
494 649 613 732 habito,
650 660 686 714 ut
721 651 884 736 principes
918 671 1008 714 suam
1046 650 1181 715 liberam
1213 653 1401 722 electionem

281 738 455 805 secundum
478 735 677 822 antiquitatis
699 735 880 798 institutum
895 757 959 798 uon
974 733 1120 820 perdant,
1142 736 1267 820 regium
1282 762 1402 806 nomen

282 831 314 886 et
336 844 486 886 coronam
515 820 647 906 deponit
674 828 706 883 et
737 828 773 883 ut
805 819 1007 882 concorditer
1027 818 1069 883 ab
1092 821 1241 886 omnibus
1264 823 1402 910 eligatur

280 916 440 992 precatur.
492 904 588 985 Quod
610 913 662 968 et⁸
683 903 803 968 factum
829 913 878 968 est
903 901 1025 966 ibidem
1058 906 1092 967 in
1124 903 1259 970 ecclesia
1287 907 1402 975 beatae

281 991 420 1072 Mariae,
451 989 491 1053 ab
522 987 671 1053 omnibus
693 986 822 1072 eligitur
849 997 881 1051 et
902 1007 922 1048 a
944 986 1129 1052 Coloniensi
1157 989 1356 1078 archiepisco
1382 1017 1401 1058 o

280 1097 356 1139 cum
387 1074 501 1155 Maria,
538 1094 640 1136 uxore
676 1085 766 1152 sua¹,
802 1073 932 1156 ungitur
964 1081 996 1136 et
1027 1083 1242 1155 consecratur,
1280 1017 1401 1143 Sittio

279 1159 471 1244 Moguntino
501 1167 533 1222 et
561 1155 788 1221 Cameracensi
821 1157 997 1241 episcopor
1033 1156 1156 1221 eisdem
1184 1157 1298 1224 diebus
1328 1184 1402 1228 cum

279 1244 393 1309 litteris
414 1263 519 1329 papae
543 1239 696 1305 Coloniae
718 1239 930 1305 existentibus
952 1241 1004 1304 etl
1025 1262 1084 1326 pro
1105 1240 1166 1305 hac
1187 1243 1307 1310 iniusta
1329 1269 1403 1310 con·

282 1329 459 1392 sacratione
482 1325 846 1390 excommunicationem
870 1325 900 1387 ei
913 1324 1153 1406 intentantibus,
1169 1326 1289 1394 Ottone
1304 1332 1402 1395 etiam

280 1435 356 1497 rege
378 1409 510 1495 langore
539 1407 658 1472 ibidem
686 1407 818 1472 detento
842 1417 874 1472 et
902 1409 1046 1472 omnium
1074 1410 1196 1475 auxilio
1230 1421 1262 1477 et
1288 1414 1401 1480 solatio

282 1496 444 1561 destituto.

647 1575 742 1639 Anno
764 1575 919 1639 Dominio
944 1576 1034 1642 1205.

171 1684 218 1724 aas
234 1685 270 1724 rs.
367 1663 464 1729 Circa
504 1661 724 1725 ascensionem
757 1659 891 1722 Domini
930 1661 1045 1746 prefati
1081 1663 1226 1749 episcopi
1269 1687 1289 1728 a
1325 1666 1402 1730 sede

281 1745 458 1833 apostolica
484 1745 605 1810 iudices
635 1744 798 1808 constituti
830 1744 946 1808 iterum
976 1745 1144 1811 Coloniam
1178 1759 1334 1815 venerunt
1370 1761 1403 1816 et

278 1833 335 1896 inl
372 1831 488 1894 maiori
518 1828 655 1893 ecclesia
687 1828 773 1893 beati
802 1827 889 1893 Petri
922 1829 1059 1914 apostoli
1092 1852 1200 1894 coram
1231 1832 1335 1898 clero⁰
1368 1844 1402 1898 et

278 1918 429 1980 universo
462 1912 581 2000 populo
614 1912 751 1978 eundem
781 1911 934 1976 Adolfirm
963 1914 1150 1998 episcopum
1179 1920 1401 1984 excommuni-

280 2011 386 2064 catum
409 2020 428 2061 a
449 2019 535 2085 papa
562 1998 861 2083 pronuntiaverunt,
889 2008 921 2061 et
946 2020 1005 2082 per
1035 2020 1144 2062 omues
1172 2003 1400 2068 conventuales

280 2085 431 2148 ecclesias
447 2092 479 2147 et
516 2082 679 2147 arrochias
703 2081 854 2162 civitatis,
877 2092 913 2145 ut
934 2104 992 2168 per
1006 2081 1169 2167 singulosf
1190 2085 1400 2152 dominicales

280 2179 312 2234 et
347 2191 454 2232 sacros
492 2105 560 2231 dies
604 2167 953 2248 excommunicaretur,
995 2167 1171 2252 apostolica
1210 2173 1401 2236 auctoritate

280 2254 420 2317 districte
442 2263 671 2338 preceperunt,
705 2249 766 2314 hoc
795 2252 891 2314 etiam
921 2251 953 2313 in
980 2251 1131 2315 mandato
1158 2252 1321 2338 habentes,
1354 2265 1401 2339 ut,

280 2339 307 2401 si
329 2337 413 2401 infra
439 2357 581 2400 mensem
609 2344 683 2420 poet
709 2334 980 2398 denuntiationem
1009 2334 1092 2399 sibit
1118 2336 1234 2401 factam
1262 2339 1400 2404 Romam

280 2420 322 2485 ad
344 2420 592 2485 satisfactionem
615 2441 648 2482 se
663 2440 727 2481 non
743 2418 909 2498 conferret,
931 2421 1039 2481 omnih
1061 2418 1217 2485 beneficio
1240 2432 1272 2486 et
1294 2425 1400 2488 officio

281 2506 506 2570 destitueretur
528 2513 560 2566 et
581 2501 663 2565 alius
686 2502 801 2585 diguus
823 2503 856 2564 in
879 2501 950 2565 loco
973 2503 1041 2567 eius
1064 2503 1244 2588 eligeretur.

303 2645 305 2655 ,
366 2585 623 2670 Οειεϊνιιῐη,ᾳιιοᾶ
646 2586 764 2649 dicitur
785 2586 947 2649 Hostadin
970 2608 990 2648 a
1011 2609 1088 2672 rege
1111 2587 1230 2654 Ottone
1252 2600 1284 2655 et
1306 2591 1400 2656 Oolo-

280 2673 445 2736 aiensibus
469 2670 642 2751 obsidetur,
656 2669 713 2733 sed
728 2669 894 2735 obsidibus
911 2669 993 2734 datis
1008 2672 1165 2736 intactum
1179 2674 1399 2760 relinquitur³.

281 2780 482 2792 ...-......-—--

635 2812 804 2866 Recensio
824 2814 866 2865 II.
887 2816 980 2867 codd.
999 2816 1033 2868 B.

601 2901 645 2964 8.ἰ
681 2903 776 2964 Anno
805 2900 939 2964 Domini
964 2903 1073 2966 1205.ἰ

366 2991 488 3056 Syiridus
508 2993 701 3057 Mogontieusis
728 2992 946 3057 archiepiscopus
972 2999 999 3043 et
1024 2993 1226 3046 Cameracensis
1251 2997 1362 3048 antistes
1381 3013 1399 3046 a

280 3065 345 3116 sede
375 3066 523 3131 apostolica
546 3066 651 3116 iudices
676 3067 812 3116 constituti
833 3061 996 3115 uoloniamk
1022 3072 1153 3116 venerunt
1176 3074 1203 3117 et
1226 3069 1253 3118 in
1281 3069 1399 3121 eeclesia

280 3139 354 3190 beati
373 3140 445 3189 Petri
466 3139 580 3206 apostoli
601 3155 689 3188 coram
711 3138 782 3188 clero
803 3146 830 3188 et
848 3141 973 3190 universo
987 3140 1086 3206 populo
1100 3139 1227 3191 Adolfum
1241 3144 1396 3209 episcopum

281 3214 538 3264 excommunicatum
560 3229 665 3278 apapa
689 3213 941 3278 pronunciaverunt
970 3218 998 3262 et
1021 3231 1070 3280 per
1094 3230 1185 3264 omnes
1206 3217 1398 3268 conventuales

282 3287 412 3338 ecclesias
434 3296 461 3337 et
478 3288 634 3353 parrochias
655 3287 780 3348 civitatis,
800 3290 830 3335 ut
849 3301 897 3352 per
917 3286 1036 3351 singulos
1057 3288 1234 3339 dominicales
1255 3295 1281 3338 et
1306 3305 1398 3341 sacros

281 3359 338 3430 dies
359 3363 640 3420 excommunicaretur,
666 3364 854 3425 preceperunt3
882 3360 934 3408 hoc
959 3361 1038 3410 etiarn
1063 3361 1091 3409 in
1111 3361 1237 3411 mandato
1256 3363 1397 3426 habentes,

279 3439 317 3496 ut,
337 3437 360 3487 ei
379 3435 448 3484 inira
474 3451 592 3484 mensem
618 3439 679 3499 post
705 3433 997 3482 denominationem
1024 3434 1077 3483 eibi
1103 3434 1202 3484 factam
1223 3436 1334 3486 Romam
1360 3437 1397 3486 ad

279 3509 489 3560 satisfactionem
516 3525 545 3558 se
570 3522 623 3556 non
650 3507 790 3574 conferret,
816 3505 899 3555 offitio
920 3512 946 3555 et
966 3508 1037 3556 omni
1057 3506 1188 3556 beneficio
1209 3507 1398 3561 destitueretur

280 3578 321 3630 et¹
339 3583 408 3632 alius
423 3581 518 3646 dignus
537 3583 564 3630 in
582 3578 642 3629 loco
658 3581 714 3630 eius
729 3580 940 3629 constitueretur.
980 3577 1143 3646 [Castrumm
1156 3581 1278 3632 Hostade
1297 3598 1314 3631 a
1332 3599 1397 3649 rege

280 3655 379 3705 Ottone
399 3661 426 3705 et
445 3653 649 3705 coloniensibus
676 3653 821 3717 obsidetur,
847 3653 895 3702 sed
915 3653 1053 3704 obsidibus
1080 3652 1149 3704 datis
1168 3657 1297 3705 intactum
1317 3655 1397 3706 relin-

280 3729 386 3792 quitnrl.

279 3884 373 3929 sideest
390 3883 431 3922 02.
491 3880 515 3935 b)
533 3885 556 3922 et
572 3903 598 3912 -
615 3881 782 3922 intentantibus
797 3883 840 3922 des.
857 3882 901 3925 02.
975 3879 996 3934 c)
1013 3883 1041 3922 A.
1058 3883 1174 3924 dominice
1191 3885 1257 3926 1205.
1274 3885 1336 3935 infra
1347 3891 1397 3924 onte

280 3943 385 3984 Castrum
402 3943 442 3982 02.
519 3939 543 3990 d)
559 3942 614 3980 deest
630 3941 672 3981 02.
748 3939 770 3992 e)
787 3941 856 3980 docel
871 3942 960 3982 eloOt.
1035 3940 1053 3990 i)
1069 3943 1166 3991 angulos
1185 3944 1228 3983 01.
1305 3941 1327 3993 g)
1343 3954 1362 3984 s.
1378 3945 1397 3987 f.

278 4004 321 4043 des.
340 4001 379 4042 02.
441 3998 465 4052 h)
482 4003 505 4040 et
520 4001 568 4040 eliu
583 4001 626 4040 02,
643 4014 672 4034 =
687 3996 704 4050 i)
721 3999 742 4038 9.
758 4001 823 4042 1206.
840 4012 896 4042 corr.
912 4002 933 4042 8.
951 4001 1016 4043 1205.
1033 4001 1082 4040 Bi.
1142 4000 1397 4052 k)in0010niaeorr.

279 4061 400 4102 Coloniam
416 4059 465 4100 Bt.
512 4060 530 4113 i)
548 4063 570 4098 et
591 4060 651 4099 alius
669 4081 694 4089 —-
711 4061 890 4099 constitueretur
905 4061 948 4101 des.
965 4061 1013 4101 Ba.
1031 4061 1070 4101 Fr.
1124 4060 1156 4111 ru)
1172 4061 1279 4102 Castrum
1295 4063 1398 4102 Hostade

279 4140 305 4150 -
330 4119 469 4166 relinquitur
492 4119 576 4165 eodem,
599 4129 644 4168 quo
666 4119 787 4169 superiora,
811 4130 876 4158 manu
899 4131 956 4165 coeo,
978 4120 1044 4159 ΧΙΠ.
1064 4121 1088 4158 ia
1110 4132 1177 4170 morp.
1201 4122 1252 4163 aad.
1276 4121 1330 4170 1313
1358 4123 1396 4160 hoc

278 4181 325 4219 loco
340 4178 419 4217 exbibet
435 4178 484 4216 Ba.

281 4320 309 4389 1)
332 4321 406 4384 Quae
425 4329 506 4372 anteo
524 4320 603 4372 Irene
619 4321 690 4372 dicto
709 4329 774 4373 erat.
813 4321 842 4388 2]
862 4321 992 4374 Iohanne.
1031 4321 1060 4389 3)
1088 4323 1115 4376 V.
1138 4320 1209 4375 Ocni.
1228 4322 1271 4387 II,
1286 4339 1317 4388 p.
1335 4323 1397 4386 175,

278 4414 332 4464 qao
352 4403 413 4448 teste
432 4394 494 4448 Iun.
516 4395 559 4446 lt.
578 4401 693 4446 castrum
712 4403 893 4462 adproperatum
912 4405 957 4448 cet.
