3098 4982
301 353 355 404 2⁷0
391 349 578 403 CHRONICA
591 349 704 402 anaia
719 344 971 400 COLONIENSIS.
992 343 1400 397 cONT.1v.a.1aaa.1aar.

304 531 337 587 et
357 518 444 606 apud
464 518 635 584 Wiennam
656 514 797 582 nobilem
818 514 949 579 Austrie
979 515 1142 578 civitatem
1168 511 1353 592 hiemando,
1385 511 1434 575 de

303 614 389 670 statu
411 603 554 668 eiusdem
576 611 658 666 terre
688 599 751 664 sibi
776 621 881 686 nuper
907 599 1078 684 subiugata
1108 598 1268 682 sagaciter
1295 597 1434 661 ordinat

304 699 336 755 et
357 690 424 753 suis
446 688 559 752 munit.

681 769 775 832 Anno
795 767 930 832 Domini
953 766 1044 832 1237.

387 855 574 921 Patriaroha
615 852 835 919 Iacobitarum
879 851 1101 934 orientalium,
1144 851 1195 915 vir
1230 847 1430 915 venerabilis

304 940 438 1006 scientia
459 949 492 1005 et
513 937 657 1002 moribus
686 947 718 1003 et
744 947 838 1019 etate,
865 958 938 1000 cum
966 938 1109 1001 maximo
1139 935 1293 999 comitatu
1321 932 1431 997 archi-

305 1026 539 1112 episcopom,
555 1047 572 1088 e
596 1024 782 1108 iscoporum
795 1042 919 1086 necnon
934 1030 986 1085 et⁸
1000 1017 1230 1085 monachorum
1246 1041 1303 1084 sue
1317 1020 1431 1104 gentis

304 1110 393 1174 venit
414 1111 448 1172 in
462 1045 647 1172 Ierusalem.
687 1105 750 1171 Oui
764 1106 898 1171 verbum
914 1104 1068 1171 catholice
1082 1103 1160 1168 fidei
1174 1103 1286 1168 fratres
1302 1099 1430 1166 ordinis

305 1193 549 1258 Predicatorum
571 1193 604 1254 in
626 1201 751 1256 tantum
772 1199 1000 1275 exposuerunt,
1023 1191 1113 1256 utin
1134 1189 1339 1275 processione
1361 1187 1429 1250 sol·
1524 1217 1525 1252 1

305 1275 435 1363 lempni,
469 1299 532 1362 que
564 1277 598 1339 in
627 1275 679 1339 die
709 1273 889 1361 palmarum
918 1277 952 1337 in
979 1273 1136 1340 descensu
1157 1273 1275 1337 montis
1303 1270 1429 1338 Oliveti
1524 1273 1525 1282 ’

304 1360 375 1426 fieri
397 1359 571 1441 consuevit,
604 1359 818 1425 obedientiam
841 1369 948 1424 sancte
973 1359 1117 1424 Romane
1137 1355 1252 1421 eclesie
1273 1357 1430 1438 iurarent,
1524 1421 1525 1442 ,

307 1467 435 1510 omnem
466 1443 604 1508 heresim
637 1444 758 1530 pariter
789 1442 975 1508 abdicantes
1008 1454 1040 1509 et
1069 1444 1301 1508 confessionem
1333 1462 1429 1504 suam
1524 1451 1525 1468 ³

307 1528 428 1594 eisdem
449 1526 601 1593 fratribus
624 1528 785 1592 tradentes
814 1529 849 1590 iu
868 1526 983 1593 litteris
1007 1526 1135 1593 Oaldeis
1165 1536 1198 1591 et
1218 1524 1367 1590 Arabicis
1391 1525 1429 1588 in

306 1614 523 1678 testimonium
546 1613 784 1699 sempiternum,
828 1612 869 1676 In
881 1634 1012 1678 recessu
1025 1613 1129 1678 eciam
1143 1612 1266 1696 recepit
1278 1608 1429 1673 habitum

306 1699 441 1762 fratrum
462 1695 714 1763 Predicatornm,
758 1695 850 1760 Idem
872 1706 978 1761 autem
999 1696 1181 1784 patriarcha
1226 1704 1309 1760 reest
1331 1692 1427 1759 Chal-

306 1782 407 1865 deisi,
436 1782 550 1862 Medis,
575 1781 683 1845 Persis
711 1791 744 1846 et
766 1781 930 1861 Armenis,
960 1803 1040 1868 quas
1068 1793 1169 1847 terras
1212 1781 1337 1844 ‘attaris
1366 1799 1428 1864 pro

307 1888 426 1952 magna
447 1877 539 1951 parte
560 1873 775 1948 vastaverunt,
798 1866 883 1930 etin
905 1865 977 1930 aliis
998 1867 1106 1951 regnis
1128 1874 1251 1930 tantum
1273 1863 1429 1928 dilatatur

309 1952 379 2016 eius
406 1949 550 2037 prelatio,
583 1950 671 2036 quod
703 1951 907 2036 septuaginta
935 1951 1101 2036 provincie
1134 1951 1164 2015 ei
1196 1949 1366 2030 obediunt,
1393 1949 1429 2011 in

309 2034 426 2122 quibus
448 2034 594 2099 habitant
614 2035 863 2100 innumerabiles
885 2034 1061 2120 christiani,
1083 2036 1168 2100 servi
1189 2043 1298 2099 tamen
1319 2045 1351 2098 et
1371 2035 1429 2098 tri·

307 2118 426 2184 butarii
450 2119 645 2199 Sarracenis,
668 2119 813 2204 exceptis
828 2119 1003 2203 monachis,
1026 2141 1107 2206 quos
1128 2118 1247 2184 liberos
1262 2119 1430 2184 dimittunt

308 2227 328 2268 a
348 2204 478 2269 tributo.
522 2203 705 2269 Secundum
734 2203 867 2269 eandem
895 2203 1031 2268 formam
1059 2204 1205 2268 fecerunt
1232 2203 1296 2267 duo
1324 2201 1429 2267 archi-

308 2289 463 2373 episcopi,
486 2310 568 2352 unus
589 2287 785 2352 lacobinusl
806 2288 891 2353 deli
914 2289 982 2374 ipto
1004 2298 1036 2353 et
1057 2288 1139 2354 alius
1155 2288 1364 2354 Nestorianus
1386 2287 1429 2352 de

310 2373 458 2455 Oriente3
495 2374 550 2470 qui
585 2381 693 2436 tamen
726 2393 799 2436 suas
835 2311 1028 2458 prolationes
1065 2384 1097 2438 ei
1129 2372 1274 2438 subditos
1306 2370 1430 2437 habent
1523 2377 1525 2394 ¹

309 2466 475 2522 manentes
502 2479 536 2518 111
559 2455 654 2541 Syria
681 2466 712 2520 et
732 2456 882 2520 Phenica.
925 2456 1017 2521 Idem
1043 2457 1193 2542 promisit
1219 2457 1324 2521 facere
1346 2456 1430 2520 Iase-

309 2541 392 2606 linus
401 2553 424 2622 ⁰,
462 2542 517 2626 qui
549 2552 656 2626 preest
695 2541 843 2605 omnibus
885 2563 967 2626 quos
999 2541 1191 2607 Nestoriana
1233 2540 1352 2606 heresis
1383 2541 1428 2606 ab

310 2625 427 2690 eclesia
454 2645 488 2688 se
512 2626 632 2706 aravit,
660 2625 753 2687 cuius
774 2623 909 2710 prelatio
930 2647 989 2711 per
1008 2625 1134 2690 Indiam
1161 2636 1192 2691 et
1212 2647 1272 2711 per
1292 2647 1429 2710 regnum

310 2646 651 2773 sacerdofislohannis
673 2717 705 2772 et
718 2730 777 2793 per
798 2731 898 2794 regna
920 2711 1034 2775 orienti
1055 2713 1160 2796 magis
1181 2711 1331 2795 proxima
1352 2707 1430 2774 dila-

257 2855 260 2862 ,
310 2804 405 2859 tatun
449 2790 636 2856 Patriaroha
657 2794 759 2856 eciam
774 2792 993 2859 Iacobitarum
1009 2794 1227 2881 Egiptiorum,
1249 2795 1305 2880 qui
1326 2793 1429 2858 multo

310 2900 362 2942 am
386 2876 448 2940 lius
471 2897 577 2940 errare
599 2874 702 2942 solent
724 2899 819 2962 quam
844 2877 1023 2960 orientales,
1067 2880 1121 2944 uia
1139 2877 1433 2943 circumcisionemf
1524 2955 1525 2958 Ἴ

310 2961 352 3026 ad
375 2971 447 3042 unt,
479 2958 642 3046 prohibita
674 2962 919 3028 circumcisione
948 2974 980 3028 et
1007 2985 1038 3026 m
1074 2965 1115 3028 tis
1144 2962 1305 3029 erroribus
1333 2962 1429 3045 elisis,
1524 2959 1525 3018 ἶ

310 3044 397 3110 idem
428 3045 534 3111 facere
566 3046 791 3130 promiserunt.
840 3048 925 3112 Huic
956 3046 1086 3112 subdita
1117 3056 1165 3113 est
1197 3051 1300 3113 maior
1325 3046 1430 3128 India,

293 3129 464 3216 -Ethiopia
492 3140 524 3195 et
549 3128 644 3193 Libia
675 3151 749 3194 cum
773 3131 913 3232 Egyptn
958 3131 1024 3197 Sed
1053 3142 1085 3196 et
1106 3132 1261 3218 Ethiopes
1290 3141 1322 3196 et
1342 3129 1430 3195 Libii

311 3236 377 3280 non
404 3225 479 3280 sunt
505 3213 624 3280 subditi
647 3212 842 3280 Sarracenrs.
884 3216 1104 3300 Marmorite1,
1137 3218 1194 3304 qni
1221 3215 1367 3282 habitant
1393 3217 1429 3279 in

311 3298 447 3381 Libano,
476 3298 541 3362 iam
571 3298 627 3362 diu
655 3298 697 3363 ad
724 3302 879 3386 unitatem
906 3299 982 3365 fidei
1008 3301 1180 3366 redierunt.
1225 3299 1293 3364 Soli
1321 3311 1430 3365 autem

313 3382 411 3450 Greci
437 3392 546 3448 nostra
577 3394 778 3449 sacramenta
809 3383 1089 3470 blasphemantesss
1119 3387 1174 3449 inh
1200 3383 1328 3449 malicia
1360 3405 1430 3468 per-

312 3476 469 3534 severant.
513 3467 596 3532 Ante
618 3466 678 3532 hoc
692 3478 819 3553 tempus
838 3467 1113 3552 iraterIordanus,
1133 3471 1288 3556 magister
1310 3468 1430 3533 ordinis

312 3552 569 3633 Predicatornm,
605 3551 731 3617 rediens
764 3575 784 3616 a
814 3552 959 3639 partibus
991 3555 1227 3635 transmarinis,
1262 3552 1429 3638 naufragio

312 3645 449 3700 mortem
470 3636 604 3700 incurrit
626 3657 699 3700 cum
727 3635 853 3702 duobus
880 3637 1034 3702 fratribus
1060 3648 1092 3702 et
1120 3637 1191 3702 aliis
1212 3637 1279 3702 fere
1300 3639 1369 3718 coi,
1399 3645 1431 3700 et
1524 3701 1525 3706 ,

312 3722 347 3784 in
368 3720 473 3818 littore
494 3717 649 3865 Bapbarie
673 3741 789 3820 corpus
818 3723 886 3786 eius
908 3723 1160 3806 ostimentum,
1189 3722 1247 3788 ubi
1268 3721 1427 3786 Dominus

312 3826 371 3890 per
391 3805 836 3954 hdbldhlmgahrdbshlldbariedlld
857 3816 1030 3978 hdhbhbllbr
1059 3888 1100 3955 ab
1122 3889 1253 3955 Austria
1286 3891 1429 3955 ascendit

312 3972 439 4057 usqueli
454 3972 673 4058 Ratisponam,
695 3973 895 4062 principibus
916 3975 1003 4062 apud
1020 3975 1167 4061 Spiream
1182 3974 1223 4040 ad
1239 3973 1429 4061 colloquium
1524 3987 1525 3992 ’

314 4133 336 4187 a)
353 4137 409 4177 aaut
425 4136 467 4178 01.
529 4134 554 4189 b)
571 4136 749 4181 Oaideis01.2.·
805 4137 827 4191 c)
843 4141 875 4180 ita
895 4139 995 4183 BLOt.
1057 4136 1082 4190 d)
1097 4139 1195 4180 Iacobus
1210 4139 1251 4179 01.
1313 4139 1335 4192 e)
1353 4141 1429 4192 [aphe-

312 4197 375 4237 linus
391 4195 434 4235 01,
444 4195 466 4236 2.
507 4192 526 4244 i)
543 4197 740 4238 circumsisionem
756 4209 813 4241 corr.
830 4200 1030 4240 circumcisionem
1045 4198 1094 4238 Bi.
1139 4197 1163 4250 g)
1179 4199 1369 4248 brasphemantes
1384 4201 1429 4244 Bi.

311 4252 337 4307 h)
352 4255 424 4297 inm.
439 4257 573 4307 pancarpi.
590 4258 640 4300 Bl.
700 4255 717 4307 i)
734 4259 762 4298 8⁰
779 4259 820 4300 02,
881 4258 906 4310 k)
922 4257 1167 4310 accusassent.

316 4360 344 4427 1)
363 4361 524 4414 Maroaiiae.
