<?xml version="1.0" encoding="UTF-8"?>
<!DOCTYPE html PUBLIC "-//W3C//DTD XHTML 1.0 Transitional//EN"
    "http://www.w3.org/TR/xhtml1/DTD/xhtml1-transitional.dtd">
<html xmlns="http://www.w3.org/1999/xhtml" xml:lang="en" lang="en">
 <head>
  <title>
</title>
<meta http-equiv="Content-Type" content="text/html;charset=utf-8" />
  <meta name='ocr-system' content='tesseract 3.04.00' />
  <meta name='ocr-capabilities' content='ocr_page ocr_carea ocr_par ocr_line ocrx_word'/>
</head>
<body>
  <div class='ocr_page' id='page_1' title='image "./chronicaregiaco00germgoog_0140.png"; bbox 0 0 3126 4976; ppageno 0'>
   <div class='ocr_carea' id='block_1_1' title="bbox 295 371 1247 430">
    <p class='ocr_par' dir='ltr' id='par_1_1' title="bbox 295 371 1247 430">
     <span class='ocr_line' id='line_1_1' title="bbox 295 371 1247 430; baseline -0.006 -5"><span class='ocrx_word' id='word_1_1' title='bbox 295 378 347 427; x_wconf 88' lang='lat'><strong>110</strong></span> <span class='ocrx_word' id='word_1_2' title='bbox 514 375 699 430; x_wconf 76' lang='lat' dir='ltr'><strong>cuuoulca</strong></span> <span class='ocrx_word' id='word_1_3' title='bbox 719 373 831 426; x_wconf 74' lang='lat' dir='ltr'><strong>neela</strong></span> <span class='ocrx_word' id='word_1_4' title='bbox 852 371 1093 424; x_wconf 83' lang='lat' dir='ltr'>COLONIENSIS</span> <span class='ocrx_word' id='word_1_5' title='bbox 1114 373 1146 422; x_wconf 83' lang='lat' dir='ltr'><strong>A.</strong></span> <span class='ocrx_word' id='word_1_6' title='bbox 1168 372 1247 420; x_wconf 76' lang='lat'>1162.</span> 
     </span>
    </p>
   </div>
   <div class='ocr_carea' id='block_1_2' title="bbox 155 544 1478 3550">
    <p class='ocr_par' dir='ltr' id='par_1_2' title="bbox 155 544 1478 3550">
     <span class='ocr_line' id='line_1_2' title="bbox 663 544 1037 605; baseline -0.021 -1"><span class='ocrx_word' id='word_1_7' title='bbox 663 547 826 605; x_wconf 73' lang='lat' dir='ltr'><strong>discensio</strong></span> <span class='ocrx_word' id='word_1_8' title='bbox 847 547 870 599; x_wconf 93' lang='grc' dir='ltr'><strong>Ι.</strong></span> <span class='ocrx_word' id='word_1_9' title='bbox 890 546 983 598; x_wconf 83' lang='lat' dir='ltr'><strong>codd.</strong></span> <span class='ocrx_word' id='word_1_10' title='bbox 1003 544 1037 595; x_wconf 82' lang='lat' dir='ltr'><strong>A.</strong></span> 
     </span>
     <span class='ocr_line' id='line_1_3' title="bbox 155 617 1410 690; baseline -0.002 -16"><span class='ocrx_word' id='word_1_11' title='bbox 155 631 351 686; x_wconf 65' lang='lat' dir='ltr'><strong>repausentota</strong></span> <span class='ocrx_word' id='word_1_12' title='bbox 366 625 409 676; x_wconf 90' lang='lat' dir='ltr'><strong>vel</strong></span> <span class='ocrx_word' id='word_1_13' title='bbox 429 627 512 676; x_wconf 88' lang='lat' dir='ltr'><strong>maior</strong></span> <span class='ocrx_word' id='word_1_14' title='bbox 530 640 592 690; x_wconf 86' lang='lat' dir='ltr'><strong>pars</strong></span> <span class='ocrx_word' id='word_1_15' title='bbox 612 623 796 674; x_wconf 85' lang='lat' dir='ltr'><strong>conventionis</strong></span> <span class='ocrx_word' id='word_1_16' title='bbox 814 623 888 689; x_wconf 88' lang='lat' dir='ltr'><strong>prius</strong></span> <span class='ocrx_word' id='word_1_17' title='bbox 907 620 1064 687; x_wconf 88' lang='lat' dir='ltr'><strong>inpleretur;</strong></span> <span class='ocrx_word' id='word_1_18' title='bbox 1093 617 1193 686; x_wconf 63' lang='lat' dir='ltr'><strong>[quode</strong></span> <span class='ocrx_word' id='word_1_19' title='bbox 1206 619 1264 670; x_wconf 85' lang='lat' dir='ltr'><strong>fieri</strong></span> <span class='ocrx_word' id='word_1_20' title='bbox 1283 636 1336 671; x_wconf 90' lang='lat' dir='ltr'><strong>non</strong></span> <span class='ocrx_word' id='word_1_21' title='bbox 1349 637 1410 686; x_wconf 89' lang='lat' dir='ltr'><strong>pos-</strong></span> 
     </span>
     <span class='ocr_line' id='line_1_4' title="bbox 295 695 1411 765; baseline -0.002 -16"><span class='ocrx_word' id='word_1_22' title='bbox 295 696 357 765; x_wconf 87' lang='lat' dir='ltr'><strong>set].</strong></span> <span class='ocrx_word' id='word_1_23' title='bbox 395 699 539 749; x_wconf 89' lang='lat' dir='ltr'><strong>Protractis</strong></span> <span class='ocrx_word' id='word_1_24' title='bbox 563 699 645 762; x_wconf 84' lang='lat' dir='ltr'><strong>igitur</strong></span> <span class='ocrx_word' id='word_1_25' title='bbox 668 696 770 762; x_wconf 83' lang='lat' dir='ltr'><strong>aliquot</strong></span> <span class='ocrx_word' id='word_1_26' title='bbox 791 695 885 746; x_wconf 90' lang='lat' dir='ltr'><strong>diebus</strong></span> <span class='ocrx_word' id='word_1_27' title='bbox 904 711 953 760; x_wconf 91' lang='lat' dir='ltr'><strong>pro</strong></span> <span class='ocrx_word' id='word_1_28' title='bbox 980 695 1135 745; x_wconf 88' lang='lat' dir='ltr'><strong>remissione</strong></span> <span class='ocrx_word' id='word_1_29' title='bbox 1162 697 1332 754; x_wconf 87' lang='lat' dir='ltr'><strong>sacramenti,</strong></span> <span class='ocrx_word' id='word_1_30' title='bbox 1358 710 1411 760; x_wconf 90' lang='lat' dir='ltr'><strong>quo</strong></span> 
     </span>
     <span class='ocr_line' id='line_1_5' title="bbox 295 767 1412 826; baseline -0.002 -4"><span class='ocrx_word' id='word_1_31' title='bbox 295 771 511 822; x_wconf 80' lang='lat' dir='ltr'><strong>Mediolanenses</strong></span> <span class='ocrx_word' id='word_1_32' title='bbox 531 771 716 822; x_wconf 85' lang='lat' dir='ltr'><strong>Brixiensibus</strong></span> <span class='ocrx_word' id='word_1_33' title='bbox 736 775 762 820; x_wconf 90' lang='lat' dir='ltr'><strong>et</strong></span> <span class='ocrx_word' id='word_1_34' title='bbox 782 769 947 818; x_wconf 81' lang='lat' dir='ltr'>Placentinis</span> <span class='ocrx_word' id='word_1_35' title='bbox 967 768 1134 826; x_wconf 85' lang='lat' dir='ltr'><strong>tenebantur,</strong></span> <span class='ocrx_word' id='word_1_36' title='bbox 1149 783 1209 818; x_wconf 86' lang='lat' dir='ltr'><strong>cum</strong></span> <span class='ocrx_word' id='word_1_37' title='bbox 1226 767 1412 821; x_wconf 87' lang='lat' dir='ltr'><strong>difficultatem</strong></span> 
     </span>
     <span class='ocr_line' id='line_1_6' title="bbox 295 841 1412 908; baseline -0.002 -13"><span class='ocrx_word' id='word_1_38' title='bbox 295 847 479 896; x_wconf 88' lang='lat' dir='ltr'><strong>conventionis</strong></span> <span class='ocrx_word' id='word_1_39' title='bbox 499 843 667 894; x_wconf 89' lang='lat' dir='ltr'><strong>attenderent</strong></span> <span class='ocrx_word' id='word_1_40' title='bbox 687 849 713 894; x_wconf 91' lang='lat' dir='ltr'><strong>et</strong></span> <span class='ocrx_word' id='word_1_41' title='bbox 731 857 818 893; x_wconf 90' lang='lat' dir='ltr'><strong>rerum</strong></span> <span class='ocrx_word' id='word_1_42' title='bbox 838 843 926 892; x_wconf 86' lang='lat' dir='ltr'><strong>exitus</strong></span> <span class='ocrx_word' id='word_1_43' title='bbox 946 841 1051 906; x_wconf 86' lang='lat' dir='ltr'><strong>longius</strong></span> <span class='ocrx_word' id='word_1_44' title='bbox 1072 842 1233 904; x_wconf 84' lang='lat' dir='ltr'>metirentur,</span> <span class='ocrx_word' id='word_1_45' title='bbox 1257 841 1412 908; x_wconf 81' lang='lat' dir='ltr'><strong>stupefacti,</strong></span> 
     </span>
     <span class='ocr_line' id='line_1_7' title="bbox 296 914 1411 982; baseline -0.002 -14"><span class='ocrx_word' id='word_1_46' title='bbox 296 925 322 969; x_wconf 90' lang='lat' dir='ltr'><strong>et</strong></span> <span class='ocrx_word' id='word_1_47' title='bbox 342 919 452 969; x_wconf 90' lang='lat' dir='ltr'><strong>dimissa</strong></span> <span class='ocrx_word' id='word_1_48' title='bbox 474 919 659 980; x_wconf 86' lang='lat' dir='ltr'><strong>conventione,</strong></span> <span class='ocrx_word' id='word_1_49' title='bbox 675 918 727 982; x_wconf 90' lang='lat' dir='ltr'><strong>ipsi</strong></span> <span class='ocrx_word' id='word_1_50' title='bbox 747 915 910 966; x_wconf 88' lang='lat' dir='ltr'><strong>deditionem</strong></span> <span class='ocrx_word' id='word_1_51' title='bbox 937 915 1077 978; x_wconf 89' lang='lat' dir='ltr'><strong>elegerunt</strong></span> <span class='ocrx_word' id='word_1_52' title='bbox 1105 918 1132 964; x_wconf 90' lang='lat' dir='ltr'><strong>et</strong></span> <span class='ocrx_word' id='word_1_53' title='bbox 1152 914 1186 963; x_wconf 84' lang='lat' dir='ltr'><strong>ad</strong></span> <span class='ocrx_word' id='word_1_54' title='bbox 1206 915 1289 972; x_wconf 84' lang='lat' dir='ltr'><strong>solius</strong></span> <span class='ocrx_word' id='word_1_55' title='bbox 1309 917 1411 966; x_wconf 87' lang='lat' dir='ltr'><strong>miseri·</strong></span> 
     </span>
     <span class='ocr_line' id='line_1_8' title="bbox 296 982 1478 1058; baseline -0.003 -17"><span class='ocrx_word' id='word_1_56' title='bbox 296 991 404 1042; x_wconf 83' lang='lat' dir='ltr'><strong>cordiae</strong></span> <span class='ocrx_word' id='word_1_57' title='bbox 424 993 635 1058; x_wconf 86' lang='lat' dir='ltr'><strong>propitiatorium</strong></span> <span class='ocrx_word' id='word_1_58' title='bbox 660 1006 689 1041; x_wconf 90' lang='lat' dir='ltr'><strong>se</strong></span> <span class='ocrx_word' id='word_1_59' title='bbox 711 988 886 1040; x_wconf 88' lang='lat' dir='ltr'><strong>contulerunt.</strong></span> <span class='ocrx_word' id='word_1_60' title='bbox 925 990 956 1038; x_wconf 93' lang='lat' dir='ltr'><strong>In</strong></span> <span class='ocrx_word' id='word_1_61' title='bbox 976 987 1106 1038; x_wconf 72' lang='lat' dir='ltr'>Kalendis</span> <span class='ocrx_word' id='word_1_62' title='bbox 1125 982 1225 1052; x_wconf 81' lang='lat' dir='ltr'><strong>igiturb</strong></span> <span class='ocrx_word' id='word_1_63' title='bbox 1245 989 1344 1048; x_wconf 89' lang='lat' dir='ltr'><strong>Martii,</strong></span> <span class='ocrx_word' id='word_1_64' title='bbox 1363 988 1412 1039; x_wconf 79' lang='lat' dir='ltr'><strong>idc</strong></span> <span class='ocrx_word' id='word_1_65' title='bbox 1474 1021 1478 1028; x_wconf 92' lang='lat'><em>-</em></span> 
     </span>
     <span class='ocr_line' id='line_1_9' title="bbox 298 1061 1411 1130; baseline 0 -16"><span class='ocrx_word' id='word_1_66' title='bbox 298 1071 337 1115; x_wconf 90' lang='lat' dir='ltr'><strong>est</strong></span> <span class='ocrx_word' id='word_1_67' title='bbox 362 1066 449 1130; x_wconf 89' lang='lat' dir='ltr'><strong>prima</strong></span> <span class='ocrx_word' id='word_1_68' title='bbox 475 1065 519 1114; x_wconf 88' lang='lat' dir='ltr'><strong>die</strong></span> <span class='ocrx_word' id='word_1_69' title='bbox 545 1067 651 1128; x_wconf 87' lang='lat' dir='ltr'><strong>mensis,</strong></span> <span class='ocrx_word' id='word_1_70' title='bbox 685 1063 808 1114; x_wconf 89' lang='lat' dir='ltr'><strong>consules</strong></span> <span class='ocrx_word' id='word_1_71' title='bbox 828 1061 1071 1112; x_wconf 86' lang='lat' dir='ltr'><strong>Mediolanensinm</strong></span> <span class='ocrx_word' id='word_1_72' title='bbox 1099 1078 1157 1112; x_wconf 88' lang='lat' dir='ltr'><strong>cum</strong></span> <span class='ocrx_word' id='word_1_73' title='bbox 1192 1061 1251 1112; x_wconf 88' lang='lat' dir='ltr'><strong>aliis</strong></span> <span class='ocrx_word' id='word_1_74' title='bbox 1276 1062 1411 1114; x_wconf 91' lang='lat' dir='ltr'><strong>nobilibus</strong></span> 
     </span>
     <span class='ocr_line' id='line_1_10' title="bbox 294 1134 1411 1204; baseline -0.002 -16"><span class='ocrx_word' id='word_1_75' title='bbox 294 1153 405 1188; x_wconf 88' lang='lat' dir='ltr'><strong>numero</strong></span> <span class='ocrx_word' id='word_1_76' title='bbox 430 1139 507 1204; x_wconf 85' lang='lat' dir='ltr'><strong>quasi</strong></span> <span class='ocrx_word' id='word_1_77' title='bbox 532 1138 629 1202; x_wconf 90' lang='lat' dir='ltr'><strong>viginti</strong></span> <span class='ocrx_word' id='word_1_78' title='bbox 648 1153 677 1188; x_wconf 90' lang='lat' dir='ltr'><strong>se</strong></span> <span class='ocrx_word' id='word_1_79' title='bbox 704 1153 762 1186; x_wconf 88' lang='lat' dir='ltr'><strong>cum</strong></span> <span class='ocrx_word' id='word_1_80' title='bbox 785 1138 904 1198; x_wconf 87' lang='lat' dir='ltr'><strong>civitate,</strong></span> <span class='ocrx_word' id='word_1_81' title='bbox 934 1152 994 1185; x_wconf 88' lang='lat' dir='ltr'><strong>cum</strong></span> <span class='ocrx_word' id='word_1_82' title='bbox 1013 1134 1093 1186; x_wconf 87' lang='lat' dir='ltr'><strong>rebus</strong></span> <span class='ocrx_word' id='word_1_83' title='bbox 1114 1140 1140 1185; x_wconf 89' lang='lat' dir='ltr'><strong>et</strong></span> <span class='ocrx_word' id='word_1_84' title='bbox 1159 1137 1287 1200; x_wconf 88' lang='lat' dir='ltr'><strong>personis,</strong></span> <span class='ocrx_word' id='word_1_85' title='bbox 1308 1143 1411 1186; x_wconf 85' lang='lat' dir='ltr'><strong>remota</strong></span> 
     </span>
     <span class='ocr_line' id='line_1_11' title="bbox 295 1208 1410 1276; baseline -0.004 -13"><span class='ocrx_word' id='word_1_86' title='bbox 295 1213 367 1263; x_wconf 90' lang='lat' dir='ltr'><strong>omni</strong></span> <span class='ocrx_word' id='word_1_87' title='bbox 387 1211 556 1262; x_wconf 82' lang='lat' dir='ltr'><strong>simulatione</strong></span> <span class='ocrx_word' id='word_1_88' title='bbox 576 1211 685 1271; x_wconf 85' lang='lat' dir='ltr'><strong>fraudis,</strong></span> <span class='ocrx_word' id='word_1_89' title='bbox 706 1226 758 1276; x_wconf 87' lang='lat' dir='ltr'><strong>qua</strong></span> <span class='ocrx_word' id='word_1_90' title='bbox 778 1211 804 1259; x_wconf 91' lang='lat' dir='ltr'><strong>in</strong></span> <span class='ocrx_word' id='word_1_91' title='bbox 824 1210 910 1275; x_wconf 88' lang='lat' dir='ltr'><strong>prima</strong></span> <span class='ocrx_word' id='word_1_92' title='bbox 930 1208 1066 1259; x_wconf 87' lang='lat' dir='ltr'><strong>deditione</strong></span> <span class='ocrx_word' id='word_1_93' title='bbox 1089 1209 1332 1274; x_wconf 81' lang='lat' dir='ltr'><strong>imperatorem</strong></span> <span class='ocrx_word' id='word_1_94' title='bbox 1360 1211 1410 1260; x_wconf 87' lang='lat' dir='ltr'><strong>cir-</strong></span> 
     </span>
     <span class='ocr_line' id='line_1_12' title="bbox 296 1280 1411 1348; baseline -0.002 -14"><span class='ocrx_word' id='word_1_95' title='bbox 296 1292 494 1346; x_wconf 85' lang='lat' dir='ltr'><strong>cumvenerant,</strong></span> <span class='ocrx_word' id='word_1_96' title='bbox 513 1285 570 1334; x_wconf 91' lang='lat' dir='ltr'><strong>sine</strong></span> <span class='ocrx_word' id='word_1_97' title='bbox 590 1287 660 1333; x_wconf 89' lang='lat' dir='ltr'><strong>omni</strong></span> <span class='ocrx_word' id='word_1_98' title='bbox 681 1289 774 1333; x_wconf 89' lang='lat' dir='ltr'><strong>tenore</strong></span> <span class='ocrx_word' id='word_1_99' title='bbox 794 1282 838 1332; x_wconf 87' lang='lat' dir='ltr'><strong>vel</strong></span> <span class='ocrx_word' id='word_1_100' title='bbox 859 1280 1021 1343; x_wconf 87' lang='lat' dir='ltr'><strong>conditione,</strong></span> <span class='ocrx_word' id='word_1_101' title='bbox 1041 1283 1167 1348; x_wconf 80' lang='lat' dir='ltr'><strong>prostrati</strong></span> <span class='ocrx_word' id='word_1_102' title='bbox 1187 1298 1246 1331; x_wconf 91' lang='lat' dir='ltr'><strong>eum</strong></span> <span class='ocrx_word' id='word_1_103' title='bbox 1260 1282 1338 1333; x_wconf 92' lang='lat' dir='ltr'><strong>nudis</strong></span> <span class='ocrx_word' id='word_1_104' title='bbox 1353 1283 1411 1348; x_wconf 86' lang='lat' dir='ltr'><strong>gla-</strong></span> 
     </span>
     <span class='ocr_line' id='line_1_13' title="bbox 296 1355 1432 1426; baseline -0.002 -18"><span class='ocrx_word' id='word_1_105' title='bbox 296 1357 346 1408; x_wconf 90' lang='lat' dir='ltr'><strong>diis</strong></span> <span class='ocrx_word' id='word_1_106' title='bbox 366 1360 393 1408; x_wconf 90' lang='lat' dir='ltr'><strong>in</strong></span> <span class='ocrx_word' id='word_1_107' title='bbox 415 1358 573 1417; x_wconf 86' lang='lat' dir='ltr'><strong>cervicibus,</strong></span> <span class='ocrx_word' id='word_1_108' title='bbox 593 1357 683 1422; x_wconf 88' lang='lat' dir='ltr'><strong>palam</strong></span> <span class='ocrx_word' id='word_1_109' title='bbox 702 1359 729 1406; x_wconf 88' lang='lat' dir='ltr'><strong>in</strong></span> <span class='ocrx_word' id='word_1_110' title='bbox 749 1356 828 1421; x_wconf 89' lang='lat' dir='ltr'><strong>plena</strong></span> <span class='ocrx_word' id='word_1_111' title='bbox 849 1357 923 1406; x_wconf 86' lang='lat' dir='ltr'><strong>curia</strong></span> <span class='ocrx_word' id='word_1_112' title='bbox 943 1355 1039 1406; x_wconf 89' lang='lat' dir='ltr'><strong>domno</strong></span> <span class='ocrx_word' id='word_1_113' title='bbox 1059 1357 1213 1421; x_wconf 89' lang='lat' dir='ltr'><strong>imperatori</strong></span> <span class='ocrx_word' id='word_1_114' title='bbox 1226 1355 1432 1426; x_wconf 80' lang='lat' dir='ltr'><strong>reddiderunt,-</strong></span> 
     </span>
     <span class='ocr_line' id='line_1_14' title="bbox 294 1429 1410 1498; baseline 0.001 -18"><span class='ocrx_word' id='word_1_115' title='bbox 294 1437 445 1498; x_wconf 88' lang='lat' dir='ltr'><strong>prestantes</strong></span> <span class='ocrx_word' id='word_1_116' title='bbox 471 1437 639 1481; x_wconf 86' lang='lat' dir='ltr'><strong>sacramenta</strong></span> <span class='ocrx_word' id='word_1_117' title='bbox 665 1446 849 1496; x_wconf 87' lang='lat' dir='ltr'><strong>quaecumque</strong></span> <span class='ocrx_word' id='word_1_118' title='bbox 875 1429 1036 1480; x_wconf 87' lang='lat' dir='ltr'><strong>iubebantur</strong></span> <span class='ocrx_word' id='word_1_119' title='bbox 1061 1446 1107 1496; x_wconf 92' lang='lat' dir='ltr'><strong>pro</strong></span> <span class='ocrx_word' id='word_1_120' title='bbox 1134 1445 1162 1480; x_wconf 89' lang='lat' dir='ltr'><strong>se</strong></span> <span class='ocrx_word' id='word_1_121' title='bbox 1190 1435 1216 1478; x_wconf 91' lang='lat' dir='ltr'><strong>et</strong></span> <span class='ocrx_word' id='word_1_122' title='bbox 1240 1445 1287 1495; x_wconf 88' lang='lat' dir='ltr'><strong>pro</strong></span> <span class='ocrx_word' id='word_1_123' title='bbox 1314 1432 1410 1481; x_wconf 88' lang='lat' dir='ltr'><strong>ceteris</strong></span> 
     </span>
     <span class='ocr_line' id='line_1_15' title="bbox 296 1495 1410 1568; baseline -0.002 -13"><span class='ocrx_word' id='word_1_124' title='bbox 296 1505 417 1555; x_wconf 87' lang='lat' dir='ltr'><strong>omnibus</strong></span> <span class='ocrx_word' id='word_1_125' title='bbox 444 1503 699 1554; x_wconf 82' lang='lat' dir='ltr'><strong>Mediolanensibus.</strong></span> <span class='ocrx_word' id='word_1_126' title='bbox 743 1504 855 1553; x_wconf 84' lang='lat' dir='ltr'><strong>Rursum</strong></span> <span class='ocrx_word' id='word_1_127' title='bbox 881 1495 1010 1568; x_wconf 61' lang='lat' dir='ltr'><strong>sequenti⁴</strong></span> <span class='ocrx_word' id='word_1_128' title='bbox 1031 1503 1074 1552; x_wconf 91' lang='lat' dir='ltr'><strong>die</strong></span> <span class='ocrx_word' id='word_1_129' title='bbox 1101 1502 1235 1553; x_wconf 90' lang='lat' dir='ltr'><strong>dominica</strong></span> <span class='ocrx_word' id='word_1_130' title='bbox 1266 1519 1319 1568; x_wconf 93' lang='lat' dir='ltr'><strong>qua</strong></span> <span class='ocrx_word' id='word_1_131' title='bbox 1348 1519 1410 1553; x_wconf 88' lang='lat' dir='ltr'><strong>con·</strong></span> 
     </span>
     <span class='ocr_line' id='line_1_16' title="bbox 177 1572 1410 1642; baseline 0.002 -17"><span class='ocrx_word' id='word_1_132' title='bbox 177 1585 243 1625; x_wconf 73' lang='lat' dir='ltr'><strong>Mart.</strong></span> <span class='ocrx_word' id='word_1_133' title='bbox 260 1586 284 1625; x_wconf 85' lang='lat'><strong>4.</strong></span> <span class='ocrx_word' id='word_1_134' title='bbox 294 1579 434 1628; x_wconf 77' lang='lat' dir='ltr'><strong>venientes</strong></span> <span class='ocrx_word' id='word_1_135' title='bbox 453 1572 632 1627; x_wconf 78' lang='lat' dir='ltr'><strong>cantabaturd</strong></span> <span class='ocrx_word' id='word_1_136' title='bbox 653 1574 826 1628; x_wconf 82' lang='lat' dir='ltr'><strong>Reminiscere</strong></span> <span class='ocrx_word' id='word_1_137' title='bbox 844 1576 1041 1626; x_wconf 78' lang='lat' dir='ltr'><strong>miserationum</strong></span> <span class='ocrx_word' id='word_1_138' title='bbox 1067 1584 1182 1636; x_wconf 82' lang='lat' dir='ltr'><strong>tuarum,</strong></span> <span class='ocrx_word' id='word_1_139' title='bbox 1203 1575 1324 1635; x_wconf 80' lang='lat' dir='ltr'><strong>Domine,</strong></span> <span class='ocrx_word' id='word_1_140' title='bbox 1350 1576 1410 1642; x_wconf 90' lang='lat' dir='ltr'><strong>plus</strong></span> 
     </span>
     <span class='ocr_line' id='line_1_17' title="bbox 295 1649 1410 1716; baseline -0.002 -16"><span class='ocrx_word' id='word_1_141' title='bbox 295 1667 374 1716; x_wconf 85' lang='lat' dir='ltr'><strong>quam</strong></span> <span class='ocrx_word' id='word_1_142' title='bbox 394 1652 508 1702; x_wconf 82' lang='lat' dir='ltr'><strong>trecenti</strong></span> <span class='ocrx_word' id='word_1_143' title='bbox 527 1649 681 1701; x_wconf 89' lang='lat' dir='ltr'><strong>electissimi</strong></span> <span class='ocrx_word' id='word_1_144' title='bbox 701 1650 799 1700; x_wconf 85' lang='lat' dir='ltr'><strong>milites</strong></span> <span class='ocrx_word' id='word_1_145' title='bbox 818 1650 1059 1700; x_wconf 83' lang='lat' dir='ltr'><strong>blediolanensiurn</strong></span> <span class='ocrx_word' id='word_1_146' title='bbox 1077 1666 1135 1698; x_wconf 89' lang='lat' dir='ltr'><strong>cum</strong></span> <span class='ocrx_word' id='word_1_147' title='bbox 1157 1651 1267 1714; x_wconf 85' lang='lat' dir='ltr'><strong>prefatis</strong></span> <span class='ocrx_word' id='word_1_148' title='bbox 1294 1650 1410 1700; x_wconf 89' lang='lat' dir='ltr'><strong>consuli·</strong></span> 
     </span>
     <span class='ocr_line' id='line_1_18' title="bbox 294 1723 1409 1788; baseline -0.002 -14"><span class='ocrx_word' id='word_1_149' title='bbox 294 1725 345 1775; x_wconf 91' lang='lat' dir='ltr'><strong>bus</strong></span> <span class='ocrx_word' id='word_1_150' title='bbox 365 1726 510 1786; x_wconf 87' lang='lat' dir='ltr'><strong>venientes,</strong></span> <span class='ocrx_word' id='word_1_151' title='bbox 530 1724 593 1772; x_wconf 89' lang='lat' dir='ltr'><strong>item</strong></span> <span class='ocrx_word' id='word_1_152' title='bbox 614 1723 766 1788; x_wconf 82' lang='lat' dir='ltr'><strong>presidente</strong></span> <span class='ocrx_word' id='word_1_153' title='bbox 787 1724 883 1773; x_wconf 91' lang='lat' dir='ltr'><strong>domno</strong></span> <span class='ocrx_word' id='word_1_154' title='bbox 909 1725 1069 1788; x_wconf 84' lang='lat' dir='ltr'><strong>imperatore</strong></span> <span class='ocrx_word' id='word_1_155' title='bbox 1096 1723 1276 1788; x_wconf 87' lang='lat' dir='ltr'><strong>prociderunt,</strong></span> <span class='ocrx_word' id='word_1_156' title='bbox 1303 1729 1330 1772; x_wconf 91' lang='lat' dir='ltr'><strong>et</strong></span> <span class='ocrx_word' id='word_1_157' title='bbox 1355 1729 1409 1774; x_wconf 89' lang='lat' dir='ltr'><strong>tam</strong></span> 
     </span>
     <span class='ocr_line' id='line_1_19' title="bbox 295 1795 1409 1864; baseline -0.001 -17"><span class='ocrx_word' id='word_1_158' title='bbox 295 1797 405 1864; x_wconf 89' lang='lat' dir='ltr'><strong>pulchre</strong></span> <span class='ocrx_word' id='word_1_159' title='bbox 420 1813 501 1862; x_wconf 89' lang='lat' dir='ltr'><strong>quam</strong></span> <span class='ocrx_word' id='word_1_160' title='bbox 515 1796 702 1846; x_wconf 88' lang='lat' dir='ltr'><strong>miserabiliter</strong></span> <span class='ocrx_word' id='word_1_161' title='bbox 714 1805 877 1862; x_wconf 86' lang='lat' dir='ltr'><strong>perorantes,</strong></span> <span class='ocrx_word' id='word_1_162' title='bbox 892 1797 997 1847; x_wconf 78' lang='lat' dir='ltr'><strong>solam⁰</strong></span> <span class='ocrx_word' id='word_1_163' title='bbox 1014 1795 1224 1846; x_wconf 88' lang='lat' dir='ltr'><strong>misericordiam</strong></span> <span class='ocrx_word' id='word_1_164' title='bbox 1238 1796 1409 1859; x_wconf 86' lang='lat' dir='ltr'><strong>invocabant,</strong></span> 
     </span>
     <span class='ocr_line' id='line_1_20' title="bbox 297 1870 1409 1935; baseline 0 -15"><span class='ocrx_word' id='word_1_165' title='bbox 297 1870 387 1921; x_wconf 88' lang='lat' dir='ltr'><strong>claves</strong></span> <span class='ocrx_word' id='word_1_166' title='bbox 409 1871 524 1920; x_wconf 88' lang='lat' dir='ltr'><strong>civitatis</strong></span> <span class='ocrx_word' id='word_1_167' title='bbox 544 1870 705 1928; x_wconf 89' lang='lat' dir='ltr'><strong>obtulerunt,</strong></span> <span class='ocrx_word' id='word_1_168' title='bbox 726 1873 841 1919; x_wconf 90' lang='lat' dir='ltr'><strong>omnium</strong></span> <span class='ocrx_word' id='word_1_169' title='bbox 861 1878 995 1935; x_wconf 86' lang='lat' dir='ltr'><strong>portarum</strong></span> <span class='ocrx_word' id='word_1_170' title='bbox 1016 1876 1096 1935; x_wconf 84' lang='lat' dir='ltr'><strong>atque</strong></span> <span class='ocrx_word' id='word_1_171' title='bbox 1111 1871 1227 1920; x_wconf 85' lang='lat' dir='ltr'><strong>acierum</strong></span> <span class='ocrx_word' id='word_1_172' title='bbox 1241 1871 1409 1934; x_wconf 84' lang='lat' dir='ltr'><strong>resignantes</strong></span> 
     </span>
     <span class='ocr_line' id='line_1_21' title="bbox 295 1938 1409 2010; baseline -0.003 -15"><span class='ocrx_word' id='word_1_173' title='bbox 295 1944 395 1994; x_wconf 86' lang='lat' dir='ltr'><strong>vexilla</strong></span> <span class='ocrx_word' id='word_1_174' title='bbox 414 1943 582 2010; x_wconf 85' lang='lat' dir='ltr'><strong>principalia,</strong></span> <span class='ocrx_word' id='word_1_175' title='bbox 603 1960 671 2009; x_wconf 91' lang='lat' dir='ltr'><strong>quae</strong></span> <span class='ocrx_word' id='word_1_176' title='bbox 692 1951 767 1994; x_wconf 86' lang='lat' dir='ltr'><strong>erant</strong></span> <span class='ocrx_word' id='word_1_177' title='bbox 791 1938 918 1994; x_wconf 72' lang='lat' dir='ltr'><strong>numerof</strong></span> <span class='ocrx_word' id='word_1_178' title='bbox 937 1945 980 2006; x_wconf 83' lang='lat'><strong>36,</strong></span> <span class='ocrx_word' id='word_1_179' title='bbox 1008 1949 1035 1994; x_wconf 92' lang='lat' dir='ltr'><strong>et</strong></span> <span class='ocrx_word' id='word_1_180' title='bbox 1055 1945 1106 2009; x_wconf 91' lang='lat' dir='ltr'><strong>ipsi</strong></span> <span class='ocrx_word' id='word_1_181' title='bbox 1129 1949 1296 1994; x_wconf 84' lang='lat' dir='ltr'><strong>sacramenta</strong></span> <span class='ocrx_word' id='word_1_182' title='bbox 1314 1942 1409 1992; x_wconf 85' lang='lat' dir='ltr'><strong>eadem</strong></span> 
     </span>
     <span class='ocr_line' id='line_1_22' title="bbox 179 2015 1410 2083; baseline -0.004 -12"><span class='ocrx_word' id='word_1_183' title='bbox 179 2031 246 2072; x_wconf 72' lang='lat' dir='ltr'><strong>narr.</strong></span> <span class='ocrx_word' id='word_1_184' title='bbox 264 2032 364 2083; x_wconf 73' lang='lat' dir='ltr'><strong>aquae</strong></span> <span class='ocrx_word' id='word_1_185' title='bbox 395 2017 518 2067; x_wconf 87' lang='lat' dir='ltr'><strong>eonsules</strong></span> <span class='ocrx_word' id='word_1_186' title='bbox 547 2019 728 2082; x_wconf 89' lang='lat' dir='ltr'><strong>prestiterunt.</strong></span> <span class='ocrx_word' id='word_1_187' title='bbox 775 2017 874 2067; x_wconf 87' lang='lat' dir='ltr'><strong>Postea</strong></span> <span class='ocrx_word' id='word_1_188' title='bbox 904 2019 988 2067; x_wconf 83' lang='lat' dir='ltr'><strong>tercia</strong></span> <span class='ocrx_word' id='word_1_189' title='bbox 1012 2018 1079 2066; x_wconf 86' lang='lat' dir='ltr'><strong>feria</strong></span> <span class='ocrx_word' id='word_1_190' title='bbox 1103 2019 1176 2066; x_wconf 88' lang='lat' dir='ltr'><strong>venit</strong></span> <span class='ocrx_word' id='word_1_191' title='bbox 1201 2015 1315 2082; x_wconf 89' lang='lat' dir='ltr'><strong>populus</strong></span> <span class='ocrx_word' id='word_1_192' title='bbox 1349 2033 1410 2066; x_wconf 87' lang='lat' dir='ltr'><strong>cum</strong></span> 
     </span>
     <span class='ocr_line' id='line_1_23' title="bbox 295 2087 1410 2156; baseline -0.002 -15"><span class='ocrx_word' id='word_1_193' title='bbox 295 2087 445 2152; x_wconf 85' lang='lat' dir='ltr'><strong>barrocio¹,</strong></span> <span class='ocrx_word' id='word_1_194' title='bbox 472 2089 542 2155; x_wconf 92' lang='lat' dir='ltr'><strong>quod</strong></span> <span class='ocrx_word' id='word_1_195' title='bbox 563 2090 634 2156; x_wconf 88' lang='lat' dir='ltr'><strong>apud</strong></span> <span class='ocrx_word' id='word_1_196' title='bbox 654 2106 702 2140; x_wconf 92' lang='lat' dir='ltr'><strong>nos</strong></span> <span class='ocrx_word' id='word_1_197' title='bbox 728 2089 870 2140; x_wconf 72' lang='lat' dir='ltr'><strong>standartss</strong></span> <span class='ocrx_word' id='word_1_198' title='bbox 891 2091 995 2152; x_wconf 89' lang='lat' dir='ltr'><strong>dicitur,</strong></span> <span class='ocrx_word' id='word_1_199' title='bbox 1028 2096 1055 2140; x_wconf 91' lang='lat' dir='ltr'><strong>et</strong></span> <span class='ocrx_word' id='word_1_200' title='bbox 1083 2107 1142 2140; x_wconf 89' lang='lat' dir='ltr'><strong>cum</strong></span> <span class='ocrx_word' id='word_1_201' title='bbox 1168 2089 1272 2155; x_wconf 90' lang='lat' dir='ltr'><strong>reliqna</strong></span> <span class='ocrx_word' id='word_1_202' title='bbox 1296 2089 1410 2140; x_wconf 90' lang='lat' dir='ltr'><strong>militum</strong></span> 
     </span>
     <span class='ocr_line' id='line_1_24' title="bbox 294 2158 1409 2229; baseline 0 -15"><span class='ocrx_word' id='word_1_203' title='bbox 294 2163 473 2226; x_wconf 90' lang='lat' dir='ltr'><strong>multitudine,</strong></span> <span class='ocrx_word' id='word_1_204' title='bbox 498 2163 611 2214; x_wconf 85' lang='lat' dir='ltr'><strong>afferens</strong></span> <span class='ocrx_word' id='word_1_205' title='bbox 626 2165 742 2214; x_wconf 89' lang='lat' dir='ltr'><strong>omnium</strong></span> <span class='ocrx_word' id='word_1_206' title='bbox 756 2158 1045 2214; x_wconf 80' lang='lat' dir='ltr'><strong>viciniarumhvexilla</strong></span> <span class='ocrx_word' id='word_1_207' title='bbox 1064 2178 1174 2214; x_wconf 91' lang='lat' dir='ltr'><strong>numero</strong></span> <span class='ocrx_word' id='word_1_208' title='bbox 1206 2165 1257 2212; x_wconf 88' lang='lat'><strong>100</strong></span> <span class='ocrx_word' id='word_1_209' title='bbox 1277 2169 1305 2213; x_wconf 90' lang='lat' dir='ltr'><strong>et</strong></span> <span class='ocrx_word' id='word_1_210' title='bbox 1329 2163 1409 2229; x_wconf 88' lang='lat' dir='ltr'><strong>paulo</strong></span> 
     </span>
     <span class='ocr_line' id='line_1_25' title="bbox 293 2235 1410 2305; baseline -0.002 -17"><span class='ocrx_word' id='word_1_211' title='bbox 293 2235 378 2305; x_wconf 86' lang='lat' dir='ltr'><strong>plura.</strong></span> <span class='ocrx_word' id='word_1_212' title='bbox 427 2239 478 2286; x_wconf 88' lang='lat' dir='ltr'><strong>Per</strong></span> <span class='ocrx_word' id='word_1_213' title='bbox 504 2237 622 2287; x_wconf 87' lang='lat' dir='ltr'><strong>ordinem</strong></span> <span class='ocrx_word' id='word_1_214' title='bbox 650 2238 731 2301; x_wconf 88' lang='lat' dir='ltr'><strong>igitur</strong></span> <span class='ocrx_word' id='word_1_215' title='bbox 755 2236 858 2286; x_wconf 85' lang='lat' dir='ltr'><strong>Novam</strong></span> <span class='ocrx_word' id='word_1_216' title='bbox 883 2236 1003 2286; x_wconf 84' lang='lat' dir='ltr'><strong>Laudem</strong></span> <span class='ocrx_word' id='word_1_217' title='bbox 1035 2237 1158 2300; x_wconf 86' lang='lat' dir='ltr'><strong>ingressi,</strong></span> <span class='ocrx_word' id='word_1_218' title='bbox 1187 2237 1300 2302; x_wconf 91' lang='lat' dir='ltr'><strong>populus</strong></span> <span class='ocrx_word' id='word_1_219' title='bbox 1330 2239 1410 2287; x_wconf 92' lang='lat' dir='ltr'><strong>trium</strong></span> 
     </span>
     <span class='ocr_line' id='line_1_26' title="bbox 293 2309 1410 2378; baseline -0.002 -16"><span class='ocrx_word' id='word_1_220' title='bbox 293 2317 427 2378; x_wconf 90' lang='lat' dir='ltr'><strong>portarum</strong></span> <span class='ocrx_word' id='word_1_221' title='bbox 449 2326 552 2360; x_wconf 89' lang='lat' dir='ltr'><strong>currum</strong></span> <span class='ocrx_word' id='word_1_222' title='bbox 573 2311 745 2378; x_wconf 84' lang='lat' dir='ltr'><strong>precedebat,</strong></span> <span class='ocrx_word' id='word_1_223' title='bbox 766 2309 869 2374; x_wconf 85' lang='lat' dir='ltr'><strong>reliqua</strong></span> <span class='ocrx_word' id='word_1_224' title='bbox 888 2326 950 2358; x_wconf 88' lang='lat' dir='ltr'><strong>vero</strong></span> <span class='ocrx_word' id='word_1_225' title='bbox 971 2309 1112 2359; x_wconf 90' lang='lat' dir='ltr'><strong>multitudo</strong></span> <span class='ocrx_word' id='word_1_226' title='bbox 1137 2310 1300 2375; x_wconf 84' lang='lat' dir='ltr'><strong>sequebatur</strong></span> <span class='ocrx_word' id='word_1_227' title='bbox 1325 2326 1410 2376; x_wconf 89' lang='lat' dir='ltr'><strong>usqne</strong></span> 
     </span>
     <span class='ocr_line' id='line_1_27' title="bbox 294 2379 1409 2449; baseline -0.001 -15"><span class='ocrx_word' id='word_1_228' title='bbox 294 2386 329 2434; x_wconf 90' lang='lat' dir='ltr'><strong>ad</strong></span> <span class='ocrx_word' id='word_1_229' title='bbox 347 2385 515 2449; x_wconf 88' lang='lat' dir='ltr'><strong>imperatoris</strong></span> <span class='ocrx_word' id='word_1_230' title='bbox 535 2384 678 2449; x_wconf 87' lang='lat' dir='ltr'><strong>palacium.</strong></span> <span class='ocrx_word' id='word_1_231' title='bbox 717 2383 767 2444; x_wconf 83' lang='lat' dir='ltr'><strong>Qui</strong></span> <span class='ocrx_word' id='word_1_232' title='bbox 787 2384 814 2431; x_wconf 92' lang='lat' dir='ltr'><strong>in</strong></span> <span class='ocrx_word' id='word_1_233' title='bbox 838 2381 904 2432; x_wconf 93' lang='lat' dir='ltr'><strong>solio</strong></span> <span class='ocrx_word' id='word_1_234' title='bbox 925 2383 1055 2432; x_wconf 85' lang='lat' dir='ltr'><strong>excelsior</strong></span> <span class='ocrx_word' id='word_1_235' title='bbox 1081 2383 1210 2444; x_wconf 87' lang='lat' dir='ltr'><strong>residens,</strong></span> <span class='ocrx_word' id='word_1_236' title='bbox 1240 2399 1319 2448; x_wconf 89' lang='lat' dir='ltr'><strong>quam</strong></span> <span class='ocrx_word' id='word_1_237' title='bbox 1341 2379 1409 2435; x_wconf 81' lang='lat' dir='ltr'><strong>citoi</strong></span> 
     </span>
     <span class='ocr_line' id='line_1_28' title="bbox 294 2456 1410 2517; baseline -0.002 -9"><span class='ocrx_word' id='word_1_238' title='bbox 294 2459 328 2508; x_wconf 92' lang='lat' dir='ltr'><strong>ab</strong></span> <span class='ocrx_word' id='word_1_239' title='bbox 348 2457 404 2508; x_wconf 90' lang='lat' dir='ltr'><strong>illis</strong></span> <span class='ocrx_word' id='word_1_240' title='bbox 419 2457 569 2517; x_wconf 86' lang='lat' dir='ltr'><strong>videbatur,</strong></span> <span class='ocrx_word' id='word_1_241' title='bbox 589 2457 723 2506; x_wconf 86' lang='lat' dir='ltr'><strong>tubicines</strong></span> <span class='ocrx_word' id='word_1_242' title='bbox 742 2461 843 2505; x_wconf 82' lang='lat' dir='ltr'><strong>stantes</strong></span> <span class='ocrx_word' id='word_1_243' title='bbox 862 2457 889 2504; x_wconf 90' lang='lat' dir='ltr'><strong>in</strong></span> <span class='ocrx_word' id='word_1_244' title='bbox 911 2472 987 2505; x_wconf 86' lang='lat' dir='ltr'><strong>curru</strong></span> <span class='ocrx_word' id='word_1_245' title='bbox 1007 2457 1077 2506; x_wconf 91' lang='lat' dir='ltr'><strong>tubis</strong></span> <span class='ocrx_word' id='word_1_246' title='bbox 1099 2458 1167 2507; x_wconf 91' lang='lat' dir='ltr'><strong>ereis</strong></span> <span class='ocrx_word' id='word_1_247' title='bbox 1186 2456 1281 2506; x_wconf 87' lang='lat' dir='ltr'><strong>fortius</strong></span> <span class='ocrx_word' id='word_1_248' title='bbox 1305 2458 1410 2507; x_wconf 88' lang='lat' dir='ltr'><strong>intona-</strong></span> 
     </span>
     <span class='ocr_line' id='line_1_29' title="bbox 294 2525 1411 2595; baseline -0.002 -14"><span class='ocrx_word' id='word_1_249' title='bbox 294 2532 359 2581; x_wconf 88' lang='lat' dir='ltr'><strong>bant</strong></span> <span class='ocrx_word' id='word_1_250' title='bbox 384 2536 409 2580; x_wconf 93' lang='lat' dir='ltr'><strong>et</strong></span> <span class='ocrx_word' id='word_1_251' title='bbox 434 2531 576 2594; x_wconf 87' lang='lat' dir='ltr'><strong>superbiae</strong></span> <span class='ocrx_word' id='word_1_252' title='bbox 602 2545 667 2579; x_wconf 90' lang='lat' dir='ltr'><strong>suae</strong></span> <span class='ocrx_word' id='word_1_253' title='bbox 691 2535 755 2578; x_wconf 85' lang='lat' dir='ltr'><strong>tunc</strong></span> <span class='ocrx_word' id='word_1_254' title='bbox 788 2531 910 2578; x_wconf 89' lang='lat' dir='ltr'><strong>morienti</strong></span> <span class='ocrx_word' id='word_1_255' title='bbox 938 2528 1092 2594; x_wconf 88' lang='lat' dir='ltr'><strong>ibidemque</strong></span> <span class='ocrx_word' id='word_1_256' title='bbox 1119 2525 1312 2595; x_wconf 77' lang='lat' dir='ltr'><strong>sepeliendaek</strong></span> <span class='ocrx_word' id='word_1_257' title='bbox 1333 2532 1411 2595; x_wconf 89' lang='lat' dir='ltr'><strong>quasi</strong></span> 
     </span>
     <span class='ocr_line' id='line_1_30' title="bbox 295 2601 1410 2670; baseline -0.002 -15"><span class='ocrx_word' id='word_1_258' title='bbox 295 2619 433 2670; x_wconf 85' lang='lat' dir='ltr'><strong>supremas</strong></span> <span class='ocrx_word' id='word_1_259' title='bbox 454 2603 580 2668; x_wconf 83' lang='lat' dir='ltr'><strong>exequias</strong></span> <span class='ocrx_word' id='word_1_260' title='bbox 608 2601 819 2667; x_wconf 71' lang='lat' dir='ltr'><strong>compulsamus,</strong></span> <span class='ocrx_word' id='word_1_261' title='bbox 848 2607 874 2652; x_wconf 91' lang='lat' dir='ltr'><strong>et</strong></span> <span class='ocrx_word' id='word_1_262' title='bbox 900 2601 973 2652; x_wconf 84' lang='lat' dir='ltr'><strong>finito</strong></span> <span class='ocrx_word' id='word_1_263' title='bbox 1001 2602 1127 2667; x_wconf 88' lang='lat' dir='ltr'><strong>clangore</strong></span> <span class='ocrx_word' id='word_1_264' title='bbox 1154 2604 1342 2668; x_wconf 87' lang='lat' dir='ltr'><strong>imperatoriae</strong></span> <span class='ocrx_word' id='word_1_265' title='bbox 1368 2619 1410 2654; x_wconf 91' lang='lat' dir='ltr'><strong>re·</strong></span> 
     </span>
     <span class='ocr_line' id='line_1_31' title="bbox 296 2670 1411 2742; baseline -0.002 -14"><span class='ocrx_word' id='word_1_266' title='bbox 296 2678 414 2742; x_wconf 78' lang='lat' dir='ltr'><strong>captioni</strong></span> <span class='ocrx_word' id='word_1_267' title='bbox 427 2676 488 2727; x_wconf 85' lang='lat' dir='ltr'><strong>sunt</strong></span> <span class='ocrx_word' id='word_1_268' title='bbox 500 2675 607 2725; x_wconf 89' lang='lat' dir='ltr'><strong>oblatae</strong></span> <span class='ocrx_word' id='word_1_269' title='bbox 626 2670 731 2725; x_wconf 84' lang='lat' dir='ltr'><strong>tubael.</strong></span> <span class='ocrx_word' id='word_1_270' title='bbox 767 2675 874 2724; x_wconf 89' lang='lat' dir='ltr'><strong>Deinde</strong></span> <span class='ocrx_word' id='word_1_271' title='bbox 893 2675 990 2739; x_wconf 84' lang='lat' dir='ltr'><strong>singuli</strong></span> <span class='ocrx_word' id='word_1_272' title='bbox 1009 2678 1196 2726; x_wconf 81' lang='lat' dir='ltr'><strong>viciniarumm</strong></span> <span class='ocrx_word' id='word_1_273' title='bbox 1216 2677 1330 2727; x_wconf 89' lang='lat' dir='ltr'><strong>maiores</strong></span> <span class='ocrx_word' id='word_1_274' title='bbox 1350 2693 1411 2742; x_wconf 90' lang='lat' dir='ltr'><strong>pro·</strong></span> 
     </span>
     <span class='ocr_line' id='line_1_32' title="bbox 298 2748 1411 2816; baseline 0 -17"><span class='ocrx_word' id='word_1_275' title='bbox 298 2750 439 2810; x_wconf 88' lang='lat' dir='ltr'><strong>cedebant,</strong></span> <span class='ocrx_word' id='word_1_276' title='bbox 464 2748 620 2814; x_wconf 88' lang='lat' dir='ltr'><strong>profitentes</strong></span> <span class='ocrx_word' id='word_1_277' title='bbox 647 2754 674 2798; x_wconf 90' lang='lat' dir='ltr'><strong>et</strong></span> <span class='ocrx_word' id='word_1_278' title='bbox 698 2748 798 2798; x_wconf 85' lang='lat' dir='ltr'><strong>vexilla</strong></span> <span class='ocrx_word' id='word_1_279' title='bbox 824 2764 872 2799; x_wconf 89' lang='lat' dir='ltr'><strong>sua</strong></span> <span class='ocrx_word' id='word_1_280' title='bbox 898 2765 945 2814; x_wconf 90' lang='lat' dir='ltr'><strong>per</strong></span> <span class='ocrx_word' id='word_1_281' title='bbox 971 2749 1099 2812; x_wconf 86' lang='lat' dir='ltr'><strong>ordinem¹</strong></span> <span class='ocrx_word' id='word_1_282' title='bbox 1117 2767 1133 2800; x_wconf 88' lang='lat' dir='ltr'><strong>a</strong></span> <span class='ocrx_word' id='word_1_283' title='bbox 1158 2752 1243 2815; x_wconf 91' lang='lat' dir='ltr'><strong>primo</strong></span> <span class='ocrx_word' id='word_1_284' title='bbox 1270 2765 1354 2816; x_wconf 88' lang='lat' dir='ltr'><strong>usque</strong></span> <span class='ocrx_word' id='word_1_285' title='bbox 1374 2749 1411 2800; x_wconf 91' lang='lat' dir='ltr'><strong>ad</strong></span> 
     </span>
     <span class='ocr_line' id='line_1_33' title="bbox 294 2822 1412 2889; baseline 0 -15"><span class='ocrx_word' id='word_1_286' title='bbox 294 2823 416 2874; x_wconf 87' lang='lat' dir='ltr'><strong>ultimum</strong></span> <span class='ocrx_word' id='word_1_287' title='bbox 427 2824 602 2888; x_wconf 70' lang='lat' dir='ltr'><strong>resignantes,</strong></span> <span class='ocrx_word' id='word_1_288' title='bbox 639 2822 734 2872; x_wconf 84' lang='lat' dir='ltr'><strong>Stabat</strong></span> <span class='ocrx_word' id='word_1_289' title='bbox 747 2828 835 2872; x_wconf 90' lang='lat' dir='ltr'><strong>autem</strong></span> <span class='ocrx_word' id='word_1_290' title='bbox 855 2839 945 2872; x_wconf 89' lang='lat' dir='ltr'><strong>currus</strong></span> <span class='ocrx_word' id='word_1_291' title='bbox 966 2823 1106 2888; x_wconf 90' lang='lat' dir='ltr'><strong>multiplici</strong></span> <span class='ocrx_word' id='word_1_292' title='bbox 1126 2824 1220 2874; x_wconf 91' lang='lat' dir='ltr'><strong>robore</strong></span> <span class='ocrx_word' id='word_1_293' title='bbox 1238 2829 1412 2889; x_wconf 75' lang='lat' dir='ltr'><strong>conseptusn,</strong></span> 
     </span>
     <span class='ocr_line' id='line_1_34' title="bbox 297 2895 1412 2962; baseline -0.001 -15"><span class='ocrx_word' id='word_1_294' title='bbox 297 2897 331 2947; x_wconf 88' lang='lat' dir='ltr'><strong>ad</strong></span> <span class='ocrx_word' id='word_1_295' title='bbox 352 2895 525 2962; x_wconf 87' lang='lat' dir='ltr'><strong>pugnandum</strong></span> <span class='ocrx_word' id='word_1_296' title='bbox 546 2895 660 2961; x_wconf 89' lang='lat' dir='ltr'><strong>desuper</strong></span> <span class='ocrx_word' id='word_1_297' title='bbox 678 2898 743 2946; x_wconf 92' lang='lat' dir='ltr'><strong>satis</strong></span> <span class='ocrx_word' id='word_1_298' title='bbox 762 2900 876 2962; x_wconf 88' lang='lat' dir='ltr'><strong>aptatus,</strong></span> <span class='ocrx_word' id='word_1_299' title='bbox 896 2895 965 2946; x_wconf 83' lang='lat' dir='ltr'><strong>ferro</strong></span> <span class='ocrx_word' id='word_1_300' title='bbox 985 2897 1128 2947; x_wconf 86' lang='lat' dir='ltr'><strong>fortissime</strong></span> <span class='ocrx_word' id='word_1_301' title='bbox 1148 2897 1256 2962; x_wconf 88' lang='lat' dir='ltr'><strong>ligatus,</strong></span> <span class='ocrx_word' id='word_1_302' title='bbox 1277 2896 1310 2947; x_wconf 91' lang='lat' dir='ltr'><strong>de</strong></span> <span class='ocrx_word' id='word_1_303' title='bbox 1336 2899 1412 2947; x_wconf 89' lang='lat' dir='ltr'><strong>cuius</strong></span> 
     </span>
     <span class='ocr_line' id='line_1_35' title="bbox 296 2969 1413 3036; baseline 0.002 -16"><span class='ocrx_word' id='word_1_304' title='bbox 296 2971 386 3020; x_wconf 88' lang='lat' dir='ltr'><strong>medio</strong></span> <span class='ocrx_word' id='word_1_305' title='bbox 406 2970 519 3020; x_wconf 86' lang='lat' dir='ltr'><strong>surrexit</strong></span> <span class='ocrx_word' id='word_1_306' title='bbox 537 2969 618 3018; x_wconf 85' lang='lat' dir='ltr'><strong>arbor</strong></span> <span class='ocrx_word' id='word_1_307' title='bbox 636 2983 757 3035; x_wconf 87' lang='lat' dir='ltr'><strong>procera,</strong></span> <span class='ocrx_word' id='word_1_308' title='bbox 778 2970 810 3018; x_wconf 84' lang='lat' dir='ltr'><strong>ab</strong></span> <span class='ocrx_word' id='word_1_309' title='bbox 832 2971 884 3019; x_wconf 88' lang='lat' dir='ltr'><strong>imo</strong></span> <span class='ocrx_word' id='word_1_310' title='bbox 904 2985 989 3036; x_wconf 91' lang='lat' dir='ltr'><strong>usque</strong></span> <span class='ocrx_word' id='word_1_311' title='bbox 1009 2969 1042 3019; x_wconf 91' lang='lat' dir='ltr'><strong>ad</strong></span> <span class='ocrx_word' id='word_1_312' title='bbox 1063 2987 1192 3020; x_wconf 90' lang='lat' dir='ltr'><strong>summum</strong></span> <span class='ocrx_word' id='word_1_313' title='bbox 1219 2971 1297 3031; x_wconf 88' lang='lat' dir='ltr'><strong>ferro,</strong></span> <span class='ocrx_word' id='word_1_314' title='bbox 1323 2971 1413 3022; x_wconf 84' lang='lat' dir='ltr'><strong>nervis</strong></span> 
     </span>
     <span class='ocr_line' id='line_1_36' title="bbox 297 3043 1413 3110; baseline 0 -16"><span class='ocrx_word' id='word_1_315' title='bbox 297 3049 323 3094; x_wconf 90' lang='lat' dir='ltr'><strong>et</strong></span> <span class='ocrx_word' id='word_1_316' title='bbox 341 3043 448 3093; x_wconf 78' lang='lat' dir='ltr'><strong>mnibus</strong></span> <span class='ocrx_word' id='word_1_317' title='bbox 465 3044 635 3093; x_wconf 86' lang='lat' dir='ltr'><strong>tenacissime</strong></span> <span class='ocrx_word' id='word_1_318' title='bbox 656 3043 838 3094; x_wconf 87' lang='lat' dir='ltr'><strong>circumtexta.</strong></span> <span class='ocrx_word' id='word_1_319' title='bbox 876 3043 907 3093; x_wconf 91' lang='lat' dir='ltr'><strong>In</strong></span> <span class='ocrx_word' id='word_1_320' title='bbox 928 3043 1005 3093; x_wconf 90' lang='lat' dir='ltr'><strong>huius</strong></span> <span class='ocrx_word' id='word_1_321' title='bbox 1025 3045 1176 3094; x_wconf 85' lang='lat' dir='ltr'><strong>summitate</strong></span> <span class='ocrx_word' id='word_1_322' title='bbox 1195 3044 1413 3110; x_wconf 86' lang='lat' dir='ltr'><strong>supereminebat</strong></span> 
     </span>
     <span class='ocr_line' id='line_1_37' title="bbox 264 3115 1410 3184; baseline 0.002 -18"><span class='ocrx_word' id='word_1_323' title='bbox 264 3177 268 3184; x_wconf 26' lang='grc' dir='ltr'>ἱ</span> <span class='ocrx_word' id='word_1_324' title='bbox 297 3117 383 3167; x_wconf 87' lang='lat' dir='ltr'><strong>crucis</strong></span> <span class='ocrx_word' id='word_1_325' title='bbox 397 3115 509 3182; x_wconf 84' lang='lat' dir='ltr'><strong>effigies,</strong></span> <span class='ocrx_word' id='word_1_326' title='bbox 529 3118 555 3164; x_wconf 91' lang='lat' dir='ltr'><strong>in</strong></span> <span class='ocrx_word' id='word_1_327' title='bbox 577 3117 652 3166; x_wconf 89' lang='lat' dir='ltr'><strong>cuius</strong></span> <span class='ocrx_word' id='word_1_328' title='bbox 671 3117 817 3167; x_wconf 87' lang='lat' dir='ltr'><strong>anteriori⁰</strong></span> <span class='ocrx_word' id='word_1_329' title='bbox 844 3122 918 3182; x_wconf 89' lang='lat' dir='ltr'><strong>parte</strong></span> <span class='ocrx_word' id='word_1_330' title='bbox 932 3117 1026 3168; x_wconf 89' lang='lat' dir='ltr'><strong>beatus</strong></span> <span class='ocrx_word' id='word_1_331' title='bbox 1046 3116 1241 3183; x_wconf 87' lang='lat' dir='ltr'><strong>depingebetur</strong></span> <span class='ocrx_word' id='word_1_332' title='bbox 1253 3117 1410 3168; x_wconf 85' lang='lat' dir='ltr'><strong>Ambrosius</strong></span> 
     </span>
     <span class='ocr_line' id='line_1_38' title="bbox 297 3189 1412 3257; baseline 0.001 -18"><span class='ocrx_word' id='word_1_333' title='bbox 297 3195 358 3240; x_wconf 86' lang='lat' dir='ltr'><strong>ante</strong></span> <span class='ocrx_word' id='word_1_334' title='bbox 378 3191 543 3256; x_wconf 87' lang='lat' dir='ltr'><strong>prospiciens</strong></span> <span class='ocrx_word' id='word_1_335' title='bbox 563 3196 590 3240; x_wconf 87' lang='lat' dir='ltr'><strong>et</strong></span> <span class='ocrx_word' id='word_1_336' title='bbox 609 3189 824 3241; x_wconf 88' lang='lat' dir='ltr'><strong>benedictionem</strong></span> <span class='ocrx_word' id='word_1_337' title='bbox 843 3191 986 3241; x_wconf 90' lang='lat' dir='ltr'><strong>intendens</strong></span> <span class='ocrx_word' id='word_1_338' title='bbox 1007 3207 1174 3257; x_wconf 90' lang='lat' dir='ltr'><strong>quocumque</strong></span> <span class='ocrx_word' id='word_1_339' title='bbox 1189 3207 1280 3241; x_wconf 82' lang='lat' dir='ltr'><strong>currus</strong></span> <span class='ocrx_word' id='word_1_340' title='bbox 1293 3196 1412 3241; x_wconf 85' lang='lat' dir='ltr'><strong>vertere·</strong></span> 
     </span>
     <span class='ocr_line' id='line_1_39' title="bbox 296 3263 1413 3329; baseline -0.001 -16"><span class='ocrx_word' id='word_1_341' title='bbox 296 3269 346 3314; x_wconf 87' lang='lat' dir='ltr'><strong>tur.</strong></span> <span class='ocrx_word' id='word_1_342' title='bbox 360 3263 387 3314; x_wconf 90' lang='lat' dir='ltr'><strong>Is</strong></span> <span class='ocrx_word' id='word_1_343' title='bbox 398 3268 459 3329; x_wconf 88' lang='lat' dir='ltr'><strong>post</strong></span> <span class='ocrx_word' id='word_1_344' title='bbox 469 3263 574 3313; x_wconf 80' lang='lat' dir='ltr'><strong>omnisr</strong></span> <span class='ocrx_word' id='word_1_345' title='bbox 585 3263 826 3315; x_wconf 90' lang='lat' dir='ltr'><strong>Mediolanensium</strong></span> <span class='ocrx_word' id='word_1_346' title='bbox 837 3265 944 3314; x_wconf 88' lang='lat' dir='ltr'><strong>honoris</strong></span> <span class='ocrx_word' id='word_1_347' title='bbox 954 3265 1161 3328; x_wconf 83' lang='lat' dir='ltr'><strong>resignationem</strong></span> <span class='ocrx_word' id='word_1_348' title='bbox 1172 3263 1280 3315; x_wconf 88' lang='lat' dir='ltr'><strong>ultimus</strong></span> <span class='ocrx_word' id='word_1_349' title='bbox 1288 3265 1413 3326; x_wconf 87' lang='lat' dir='ltr'><strong>accessit,</strong></span> 
     </span>
     <span class='ocr_line' id='line_1_40' title="bbox 297 3337 1411 3404; baseline -0.001 -17"><span class='ocrx_word' id='word_1_350' title='bbox 297 3343 324 3387; x_wconf 89' lang='lat' dir='ltr'><strong>et</strong></span> <span class='ocrx_word' id='word_1_351' title='bbox 342 3337 399 3404; x_wconf 86' lang='lat' dir='ltr'><strong>ipse</strong></span> <span class='ocrx_word' id='word_1_352' title='bbox 421 3343 501 3404; x_wconf 90' lang='lat' dir='ltr'><strong>caput</strong></span> <span class='ocrx_word' id='word_1_353' title='bbox 519 3353 595 3388; x_wconf 87' lang='lat' dir='ltr'><strong>suurn</strong></span> <span class='ocrx_word' id='word_1_354' title='bbox 615 3337 805 3388; x_wconf 88' lang='lat' dir='ltr'><strong>declinaturus.</strong></span> <span class='ocrx_word' id='word_1_355' title='bbox 836 3338 886 3388; x_wconf 82' lang='lat' dir='ltr'><strong>Cui</strong></span> <span class='ocrx_word' id='word_1_356' title='bbox 906 3339 951 3403; x_wconf 93' lang='lat' dir='ltr'><strong>qui</strong></span> <span class='ocrx_word' id='word_1_357' title='bbox 970 3343 1116 3403; x_wconf 77' lang='lat' dir='ltr'><strong>preerant‘t</strong></span> <span class='ocrx_word' id='word_1_358' title='bbox 1135 3343 1192 3386; x_wconf 86' lang='lat' dir='ltr'><strong>erte</strong></span> <span class='ocrx_word' id='word_1_359' title='bbox 1212 3341 1295 3387; x_wconf 90' lang='lat' dir='ltr'><strong>totam</strong></span> <span class='ocrx_word' id='word_1_360' title='bbox 1310 3337 1411 3386; x_wconf 88' lang='lat' dir='ltr'><strong>machi-</strong></span> 
     </span>
     <span class='ocr_line' id='line_1_41' title="bbox 296 3409 1412 3476; baseline -0.001 -16"><span class='ocrx_word' id='word_1_361' title='bbox 296 3427 358 3462; x_wconf 83' lang='lat' dir='ltr'><strong>nam</strong></span> <span class='ocrx_word' id='word_1_362' title='bbox 378 3409 452 3460; x_wconf 92' lang='lat' dir='ltr'><strong>illam</strong></span> <span class='ocrx_word' id='word_1_363' title='bbox 473 3417 500 3476; x_wconf 88' lang='lat' dir='ltr'><strong>et</strong></span> <span class='ocrx_word' id='word_1_364' title='bbox 519 3411 640 3461; x_wconf 87' lang='lat' dir='ltr'><strong>arborem</strong></span> <span class='ocrx_word' id='word_1_365' title='bbox 659 3409 734 3460; x_wconf 91' lang='lat' dir='ltr'><strong>illam</strong></span> <span class='ocrx_word' id='word_1_366' title='bbox 753 3425 837 3476; x_wconf 89' lang='lat' dir='ltr'><strong>usque</strong></span> <span class='ocrx_word' id='word_1_367' title='bbox 858 3411 893 3462; x_wconf 91' lang='lat' dir='ltr'><strong>ad</strong></span> <span class='ocrx_word' id='word_1_368' title='bbox 913 3418 1010 3462; x_wconf 88' lang='lat' dir='ltr'><strong>terram</strong></span> <span class='ocrx_word' id='word_1_369' title='bbox 1025 3410 1206 3473; x_wconf 86' lang='lat' dir='ltr'><strong>declinabant,</strong></span> <span class='ocrx_word' id='word_1_370' title='bbox 1225 3409 1293 3460; x_wconf 87' lang='lat' dir='ltr'><strong>adeo</strong></span> <span class='ocrx_word' id='word_1_371' title='bbox 1308 3413 1336 3460; x_wconf 90' lang='lat' dir='ltr'><strong>ut</strong></span> <span class='ocrx_word' id='word_1_372' title='bbox 1355 3425 1412 3472; x_wconf 91' lang='lat' dir='ltr'><strong>nos,</strong></span> 
     </span>
     <span class='ocr_line' id='line_1_42' title="bbox 297 3483 1413 3550; baseline -0.002 -16"><span class='ocrx_word' id='word_1_373' title='bbox 297 3485 342 3550; x_wconf 90' lang='lat' dir='ltr'><strong>qui</strong></span> <span class='ocrx_word' id='word_1_374' title='bbox 366 3486 441 3535; x_wconf 90' lang='lat' dir='ltr'><strong>iuxta</strong></span> <span class='ocrx_word' id='word_1_375' title='bbox 465 3483 562 3534; x_wconf 92' lang='lat' dir='ltr'><strong>solium</strong></span> <span class='ocrx_word' id='word_1_376' title='bbox 590 3485 680 3535; x_wconf 87' lang='lat' dir='ltr'><strong>domni</strong></span> <span class='ocrx_word' id='word_1_377' title='bbox 706 3485 875 3550; x_wconf 89' lang='lat' dir='ltr'><strong>imperatoris</strong></span> <span class='ocrx_word' id='word_1_378' title='bbox 902 3499 1014 3546; x_wconf 86' lang='lat' dir='ltr'><strong>eramus,</strong></span> <span class='ocrx_word' id='word_1_379' title='bbox 1040 3487 1142 3533; x_wconf 89' lang='lat' dir='ltr'><strong>ruinam</strong></span> <span class='ocrx_word' id='word_1_380' title='bbox 1168 3483 1308 3534; x_wconf 88' lang='lat' dir='ltr'><strong>machinae</strong></span> <span class='ocrx_word' id='word_1_381' title='bbox 1334 3484 1413 3533; x_wconf 88' lang='lat' dir='ltr'><strong>veriti</strong></span> 
     </span>
    </p>
   </div>
   <div class='ocr_carea' id='block_1_3' title="bbox 626 3583 1080 3644">
    <p class='ocr_par' dir='ltr' id='par_1_3' title="bbox 626 3583 1080 3644">
     <span class='ocr_line' id='line_1_43' title="bbox 626 3583 1080 3644; baseline 0 -2"><span class='ocrx_word' id='word_1_382' title='bbox 626 3583 796 3644; x_wconf 81' lang='lat' dir='ltr'><strong>Beceaaio</strong></span> <span class='ocrx_word' id='word_1_383' title='bbox 818 3591 862 3642; x_wconf 86' lang='grc' dir='ltr'><strong>ΙΙ.</strong></span> <span class='ocrx_word' id='word_1_384' title='bbox 883 3592 977 3643; x_wconf 85' lang='lat' dir='ltr'><strong>codd.</strong></span> <span class='ocrx_word' id='word_1_385' title='bbox 996 3592 1030 3643; x_wconf 88' lang='lat' dir='ltr'><strong>B.</strong></span> <span class='ocrx_word' id='word_1_386' title='bbox 1053 3591 1080 3643; x_wconf 80' lang='lat' dir='ltr'><strong>O.</strong></span> 
     </span>
    </p>
   </div>
   <div class='ocr_carea' id='block_1_4' title="bbox 295 3668 1414 4048">
    <p class='ocr_par' dir='ltr' id='par_1_4' title="bbox 295 3668 1414 4048">
     <span class='ocr_line' id='line_1_44' title="bbox 296 3668 1412 3747; baseline 0 -15"><span class='ocrx_word' id='word_1_387' title='bbox 296 3691 330 3732; x_wconf 80' lang='lat' dir='ltr'><strong>se</strong></span> <span class='ocrx_word' id='word_1_388' title='bbox 364 3678 395 3732; x_wconf 81' lang='lat' dir='ltr'><strong>et</strong></span> <span class='ocrx_word' id='word_1_389' title='bbox 427 3670 589 3733; x_wconf 81' lang='lat' dir='ltr'><strong>civitatem</strong></span> <span class='ocrx_word' id='word_1_390' title='bbox 622 3668 829 3734; x_wconf 82' lang='lat' dir='ltr'><strong>tradiderunt.</strong></span> <span class='ocrx_word' id='word_1_391' title='bbox 873 3681 906 3730; x_wconf 91' lang='lat' dir='ltr'><strong>In</strong></span> <span class='ocrx_word' id='word_1_392' title='bbox 935 3681 995 3732; x_wconf 89' lang='lat' dir='ltr'><strong>Kal.</strong></span> <span class='ocrx_word' id='word_1_393' title='bbox 1024 3697 1139 3747; x_wconf 89' lang='lat' dir='ltr'><strong>namque</strong></span> <span class='ocrx_word' id='word_1_394' title='bbox 1171 3683 1262 3734; x_wconf 86' lang='lat' dir='ltr'><strong>Martii</strong></span> <span class='ocrx_word' id='word_1_395' title='bbox 1288 3681 1412 3732; x_wconf 88' lang='lat' dir='ltr'><strong>eonsules</strong></span> 
     </span>
     <span class='ocr_line' id='line_1_45' title="bbox 296 3758 1412 3827; baseline 0.003 -20"><span class='ocrx_word' id='word_1_396' title='bbox 296 3758 540 3820; x_wconf 85' lang='lat' dir='ltr'><strong>Mediolanensium</strong></span> <span class='ocrx_word' id='word_1_397' title='bbox 560 3775 619 3809; x_wconf 87' lang='lat' dir='ltr'><strong>curn</strong></span> <span class='ocrx_word' id='word_1_398' title='bbox 640 3761 700 3810; x_wconf 88' lang='lat' dir='ltr'><strong>aliis</strong></span> <span class='ocrx_word' id='word_1_399' title='bbox 720 3759 896 3810; x_wconf 89' lang='lat' dir='ltr'><strong>nobilioribus</strong></span> <span class='ocrx_word' id='word_1_400' title='bbox 912 3759 945 3808; x_wconf 78' lang='lat'><strong>20</strong></span> <span class='ocrx_word' id='word_1_401' title='bbox 966 3766 1045 3810; x_wconf 88' lang='lat' dir='ltr'><strong>ante</strong></span> <span class='ocrx_word' id='word_1_402' title='bbox 1067 3766 1289 3827; x_wconf 89' lang='lat' dir='ltr'><strong>conspectum</strong></span> <span class='ocrx_word' id='word_1_403' title='bbox 1310 3762 1412 3827; x_wconf 85' lang='lat' dir='ltr'><strong>impe·</strong></span> 
     </span>
     <span class='ocr_line' id='line_1_46' title="bbox 296 3831 1412 3899; baseline 0.001 -17"><span class='ocrx_word' id='word_1_404' title='bbox 296 3834 429 3884; x_wconf 77' lang='lat' dir='ltr'><strong>tatoris</strong></span> <span class='ocrx_word' id='word_1_405' title='bbox 457 3835 644 3884; x_wconf 85' lang='lat' dir='ltr'><strong>venientes</strong></span> <span class='ocrx_word' id='word_1_406' title='bbox 671 3838 697 3883; x_wconf 92' lang='lat' dir='ltr'><strong>et</strong></span> <span class='ocrx_word' id='word_1_407' title='bbox 722 3831 886 3899; x_wconf 86' lang='lat' dir='ltr'><strong>antepedes</strong></span> <span class='ocrx_word' id='word_1_408' title='bbox 915 3834 999 3898; x_wconf 84' lang='lat' dir='ltr'><strong>ipsius</strong></span> <span class='ocrx_word' id='word_1_409' title='bbox 1024 3833 1195 3899; x_wconf 87' lang='lat' dir='ltr'><strong>procidentes</strong></span> <span class='ocrx_word' id='word_1_410' title='bbox 1223 3834 1412 3899; x_wconf 83' lang='lat' dir='ltr'><strong>gladiosque</strong></span> 
     </span>
     <span class='ocr_line' id='line_1_47' title="bbox 295 3904 1414 3973; baseline 0.003 -18"><span class='ocrx_word' id='word_1_411' title='bbox 295 3904 392 3956; x_wconf 91' lang='lat' dir='ltr'><strong>nudos</strong></span> <span class='ocrx_word' id='word_1_412' title='bbox 410 3906 559 3958; x_wconf 86' lang='lat' dir='ltr'><strong>cervicibus</strong></span> <span class='ocrx_word' id='word_1_413' title='bbox 572 3907 626 3957; x_wconf 85' lang='lat' dir='ltr'><strong>suis</strong></span> <span class='ocrx_word' id='word_1_414' title='bbox 646 3907 874 3972; x_wconf 90' lang='lat' dir='ltr'><strong>imponentes,</strong></span> <span class='ocrx_word' id='word_1_415' title='bbox 895 3908 1031 3958; x_wconf 88' lang='lat' dir='ltr'><strong>veniam</strong></span> <span class='ocrx_word' id='word_1_416' title='bbox 1046 3923 1103 3973; x_wconf 90' lang='lat' dir='ltr'><strong>pro</strong></span> <span class='ocrx_word' id='word_1_417' title='bbox 1123 3922 1158 3958; x_wconf 89' lang='lat' dir='ltr'><strong>se</strong></span> <span class='ocrx_word' id='word_1_418' title='bbox 1179 3912 1212 3959; x_wconf 88' lang='lat' dir='ltr'><strong>et</strong></span> <span class='ocrx_word' id='word_1_419' title='bbox 1232 3908 1414 3958; x_wconf 56' lang='lat' dir='ltr'><strong>caeteris?</strong></span> 
     </span>
     <span class='ocr_line' id='line_1_48' title="bbox 296 3978 1412 4048; baseline -0.001 -18"><span class='ocrx_word' id='word_1_420' title='bbox 296 3978 457 4030; x_wconf 88' lang='lat' dir='ltr'><strong>omnibus</strong></span> <span class='ocrx_word' id='word_1_421' title='bbox 477 3979 725 4046; x_wconf 88' lang='lat' dir='ltr'><strong>postulabant,</strong></span> <span class='ocrx_word' id='word_1_422' title='bbox 744 3981 875 4030; x_wconf 85' lang='lat' dir='ltr'><strong>facturi</strong></span> <span class='ocrx_word' id='word_1_423' title='bbox 895 3980 1155 4032; x_wconf 87' lang='lat' dir='ltr'><strong>animovolenti</strong></span> <span class='ocrx_word' id='word_1_424' title='bbox 1175 3983 1412 4048; x_wconf 85' lang='lat' dir='ltr'><strong>quecumques</strong></span> 
     </span>
    </p>
   </div>
   <div class='ocr_carea' id='block_1_5' title="bbox 236 4086 1413 4440">
    <p class='ocr_par' dir='ltr' id='par_1_5' title="bbox 236 4086 1413 4440">
     <span class='ocr_line' id='line_1_49' title="bbox 236 4086 1413 4144; baseline 0.002 -16"><span class='ocrx_word' id='word_1_425' title='bbox 236 4137 238 4142; x_wconf 69' lang='lat'><strong>,</strong></span> <span class='ocrx_word' id='word_1_426' title='bbox 296 4086 319 4140; x_wconf 82' lang='lat' dir='ltr'><strong>a)</strong></span> <span class='ocrx_word' id='word_1_427' title='bbox 336 4099 357 4137; x_wconf 87' lang='lat' dir='ltr'><strong>q.</strong></span> <span class='ocrx_word' id='word_1_428' title='bbox 373 4087 390 4130; x_wconf 80' lang='lat' dir='ltr'><strong>t.</strong></span> <span class='ocrx_word' id='word_1_429' title='bbox 407 4099 430 4131; x_wconf 84' lang='lat' dir='ltr'><strong>n.</strong></span> <span class='ocrx_word' id='word_1_430' title='bbox 446 4100 468 4139; x_wconf 88' lang='lat' dir='ltr'><strong>p.</strong></span> <span class='ocrx_word' id='word_1_431' title='bbox 485 4089 657 4132; x_wconf 79' lang='lat' dir='ltr'><strong>des.rtt.Bl.</strong></span> <span class='ocrx_word' id='word_1_432' title='bbox 743 4089 905 4141; x_wconf 81' lang='lat' dir='ltr'><strong>b)deestBl.</strong></span> <span class='ocrx_word' id='word_1_433' title='bbox 988 4090 1413 4144; x_wconf 63' lang='lat' dir='ltr'><strong>aid-numeroquariaana</strong></span> 
     </span>
     <span class='ocr_line' id='line_1_50' title="bbox 297 4145 1413 4203; baseline 0.003 -17"><span class='ocrx_word' id='word_1_434' title='bbox 297 4145 320 4198; x_wconf 89' lang='lat' dir='ltr'><strong>d)</strong></span> <span class='ocrx_word' id='word_1_435' title='bbox 353 4148 539 4191; x_wconf 70' lang='lat' dir='ltr'><strong>cantabantdt.</strong></span> <span class='ocrx_word' id='word_1_436' title='bbox 578 4147 600 4201; x_wconf 91' lang='lat' dir='ltr'><strong>e)</strong></span> <span class='ocrx_word' id='word_1_437' title='bbox 617 4151 691 4189; x_wconf 90' lang='lat' dir='ltr'><strong>solum</strong></span> <span class='ocrx_word' id='word_1_438' title='bbox 708 4150 756 4194; x_wconf 74' lang='lat' dir='ltr'><strong>Ar.</strong></span> <span class='ocrx_word' id='word_1_439' title='bbox 793 4148 891 4203; x_wconf 74' lang='lat' dir='ltr'><strong>oin&#39;n.</strong></span> <span class='ocrx_word' id='word_1_440' title='bbox 907 4149 957 4191; x_wconf 78' lang='lat' dir='ltr'><strong>Aa</strong></span> <span class='ocrx_word' id='word_1_441' title='bbox 996 4146 1276 4198; x_wconf 74' lang='lat' dir='ltr'><strong>g)standereAt.B1.</strong></span> <span class='ocrx_word' id='word_1_442' title='bbox 1316 4147 1340 4200; x_wconf 90' lang='lat' dir='ltr'><strong>h)</strong></span> <span class='ocrx_word' id='word_1_443' title='bbox 1357 4150 1413 4190; x_wconf 88' lang='lat' dir='ltr'><strong>vicl·</strong></span> 
     </span>
     <span class='ocr_line' id='line_1_51' title="bbox 296 4207 1413 4260; baseline 0.001 -14"><span class='ocrx_word' id='word_1_444' title='bbox 296 4217 379 4246; x_wconf 85' lang='lat' dir='ltr'><strong>narum</strong></span> <span class='ocrx_word' id='word_1_445' title='bbox 395 4207 442 4247; x_wconf 78' lang='lat' dir='ltr'><strong>Ar.</strong></span> <span class='ocrx_word' id='word_1_446' title='bbox 460 4208 546 4249; x_wconf 81' lang='lat' dir='ltr'><em>2.B1.</em></span> <span class='ocrx_word' id='word_1_447' title='bbox 622 4207 780 4259; x_wconf 73' lang='lat' dir='ltr'><strong>t)inc.A2.</strong></span> <span class='ocrx_word' id='word_1_448' title='bbox 854 4207 878 4260; x_wconf 90' lang='lat' dir='ltr'><strong>k)</strong></span> <span class='ocrx_word' id='word_1_449' title='bbox 900 4207 1118 4248; x_wconf 79' lang='lat' dir='ltr'><strong>intucorasoAI.</strong></span> <span class='ocrx_word' id='word_1_450' title='bbox 1186 4207 1205 4258; x_wconf 91' lang='lat' dir='ltr'><strong>l)</strong></span> <span class='ocrx_word' id='word_1_451' title='bbox 1225 4209 1413 4259; x_wconf 80' lang='lat' dir='ltr'><strong>deestAI.B1,</strong></span> 
     </span>
     <span class='ocr_line' id='line_1_52' title="bbox 296 4265 1412 4319; baseline 0.001 -15"><span class='ocrx_word' id='word_1_452' title='bbox 296 4266 333 4318; x_wconf 71' lang='lat' dir='ltr'><strong>scd</strong></span> <span class='ocrx_word' id='word_1_453' title='bbox 347 4265 371 4305; x_wconf 79' lang='lat' dir='ltr'><strong>in</strong></span> <span class='ocrx_word' id='word_1_454' title='bbox 379 4266 521 4307; x_wconf 65' lang='lat' dir='ltr'><strong>Alsiensem</strong></span> <span class='ocrx_word' id='word_1_455' title='bbox 529 4269 685 4318; x_wconf 66' lang='lat' dir='ltr'><strong>marmulosso</strong></span> <span class='ocrx_word' id='word_1_456' title='bbox 693 4269 770 4318; x_wconf 68' lang='lat' dir='ltr'><strong>kedar</strong></span> <span class='ocrx_word' id='word_1_457' title='bbox 785 4269 852 4308; x_wconf 82' lang='lat' dir='ltr'><strong>idest</strong></span> <span class='ocrx_word' id='word_1_458' title='bbox 867 4269 944 4308; x_wconf 82' lang='lat' dir='ltr'><strong>tubae.</strong></span> <span class='ocrx_word' id='word_1_459' title='bbox 975 4267 1006 4319; x_wconf 92' lang='lat' dir='ltr'><strong>m)</strong></span> <span class='ocrx_word' id='word_1_460' title='bbox 1016 4267 1144 4306; x_wconf 85' lang='lat' dir='ltr'><strong>vicinarum</strong></span> <span class='ocrx_word' id='word_1_461' title='bbox 1156 4267 1175 4306; x_wconf 82' lang='lat' dir='ltr'><em>A</em></span> <span class='ocrx_word' id='word_1_462' title='bbox 1184 4268 1204 4307; x_wconf 72' lang='grc'><strong>2.</strong></span> <span class='ocrx_word' id='word_1_463' title='bbox 1236 4266 1261 4318; x_wconf 79' lang='lat' dir='ltr'><strong>n)</strong></span> <span class='ocrx_word' id='word_1_464' title='bbox 1271 4273 1348 4318; x_wconf 86' lang='lat' dir='ltr'><strong>septus</strong></span> <span class='ocrx_word' id='word_1_465' title='bbox 1365 4268 1383 4305; x_wconf 90' lang='lat' dir='ltr'><em>B</em></span> <span class='ocrx_word' id='word_1_466' title='bbox 1393 4269 1412 4306; x_wconf 90' lang='lat'><strong>1.</strong></span> 
     </span>
     <span class='ocr_line' id='line_1_53' title="bbox 297 4323 1413 4380; baseline 0 -16"><span class='ocrx_word' id='word_1_467' title='bbox 297 4323 320 4376; x_wconf 90' lang='lat' dir='ltr'><strong>o)</strong></span> <span class='ocrx_word' id='word_1_468' title='bbox 336 4327 442 4366; x_wconf 86' lang='lat' dir='ltr'><strong>interiori</strong></span> <span class='ocrx_word' id='word_1_469' title='bbox 458 4326 512 4376; x_wconf 71' lang='grc' dir='ltr'><strong>Δις</strong></span> <span class='ocrx_word' id='word_1_470' title='bbox 534 4328 631 4368; x_wconf 84' lang='lat' dir='ltr'><strong>auctiori</strong></span> <span class='ocrx_word' id='word_1_471' title='bbox 647 4328 694 4368; x_wconf 75' lang='lat' dir='ltr'><strong>Aa.</strong></span> <span class='ocrx_word' id='word_1_472' title='bbox 761 4326 786 4380; x_wconf 88' lang='lat' dir='ltr'><strong>p)</strong></span> <span class='ocrx_word' id='word_1_473' title='bbox 803 4337 882 4367; x_wconf 89' lang='lat' dir='ltr'><strong>omnes</strong></span> <span class='ocrx_word' id='word_1_474' title='bbox 899 4328 948 4366; x_wconf 84' lang='lat' dir='ltr'><strong>Bl.</strong></span> <span class='ocrx_word' id='word_1_475' title='bbox 1019 4325 1041 4375; x_wconf 89' lang='lat' dir='ltr'><strong>q)</strong></span> <span class='ocrx_word' id='word_1_476' title='bbox 1055 4329 1149 4375; x_wconf 83' lang='lat' dir='ltr'><strong>preerat</strong></span> <span class='ocrx_word' id='word_1_477' title='bbox 1165 4326 1211 4366; x_wconf 82' lang='lat' dir='ltr'><strong>Al.</strong></span> <span class='ocrx_word' id='word_1_478' title='bbox 1233 4341 1261 4362; x_wconf 92' lang='lat'>=</span> <span class='ocrx_word' id='word_1_479' title='bbox 1282 4325 1302 4377; x_wconf 88' lang='lat' dir='ltr'><strong>r)</strong></span> <span class='ocrx_word' id='word_1_480' title='bbox 1326 4331 1348 4367; x_wconf 88' lang='lat' dir='ltr'><strong>et</strong></span> <span class='ocrx_word' id='word_1_481' title='bbox 1371 4335 1413 4376; x_wconf 88' lang='lat' dir='ltr'><strong>pro</strong></span> 
     </span>
     <span class='ocr_line' id='line_1_54' title="bbox 297 4385 1086 4440; baseline -0.001 -16"><span class='ocrx_word' id='word_1_482' title='bbox 297 4385 380 4425; x_wconf 82' lang='lat' dir='ltr'><strong>ceteris</strong></span> <span class='ocrx_word' id='word_1_483' title='bbox 396 4385 438 4426; x_wconf 78' lang='lat'><strong>02.</strong></span> <span class='ocrx_word' id='word_1_484' title='bbox 499 4385 519 4440; x_wconf 87' lang='lat' dir='ltr'><strong>s)</strong></span> <span class='ocrx_word' id='word_1_485' title='bbox 536 4397 680 4437; x_wconf 85' lang='lat' dir='ltr'><strong>quecumque</strong></span> <span class='ocrx_word' id='word_1_486' title='bbox 695 4389 823 4437; x_wconf 81' lang='lat' dir='ltr'><strong>postularet</strong></span> <span class='ocrx_word' id='word_1_487' title='bbox 838 4393 878 4427; x_wconf 83' lang='lat' dir='ltr'><strong>aut</strong></span> <span class='ocrx_word' id='word_1_488' title='bbox 892 4386 1028 4427; x_wconf 85' lang='lat' dir='ltr'><strong>iuberentur</strong></span> <span class='ocrx_word' id='word_1_489' title='bbox 1044 4385 1086 4424; x_wconf 74' lang='grc'><strong>02,</strong></span> 
     </span>
    </p>
   </div>
   <div class='ocr_carea' id='block_1_6' title="bbox 299 4481 550 4550">
    <p class='ocr_par' dir='ltr' id='par_1_6' title="bbox 299 4481 550 4550">
     <span class='ocr_line' id='line_1_55' title="bbox 299 4481 550 4550; baseline 0.016 -17"><span class='ocrx_word' id='word_1_490' title='bbox 299 4481 327 4550; x_wconf 89' lang='grc'><strong>1)</strong></span> <span class='ocrx_word' id='word_1_491' title='bbox 345 4482 365 4538; x_wconf 80' lang='lat' dir='ltr'><strong>i.</strong></span> <span class='ocrx_word' id='word_1_492' title='bbox 385 4501 405 4536; x_wconf 91' lang='lat' dir='ltr'><strong>e.</strong></span> <span class='ocrx_word' id='word_1_493' title='bbox 425 4481 550 4537; x_wconf 76' lang='lat' dir='ltr'><strong>carrocio.</strong></span> 
     </span>
    </p>
   </div>
   <div class='ocr_carea' id='block_1_7' title="bbox 0 0 1572 4976">
    <p class='ocr_par' dir='ltr' id='par_1_7' title="bbox 0 0 1572 4976">
     <span class='ocr_line' id='line_1_56' title="bbox 0 0 1572 4976; baseline 0 0"><span class='ocrx_word' id='word_1_494' title='bbox 0 0 1572 4976; x_wconf 95' lang='lat' dir='ltr'><strong> </strong></span> 
     </span>
    </p>
   </div>
  </div>
 </body>
</html>
