3098 4982
272 371 327 420 290
363 364 553 444 ‚chunutus
572 363 686 415 REGIA
707 361 959 416 COLONIENSIS.
980 362 1083 414 CONT.
1094 362 1127 413 V.
1147 362 1182 413 A.
1196 361 1369 414 12461247.

276 558 336 602 con
361 555 466 600 ressus
488 542 536 598 est
558 554 632 595 cum
647 551 723 617 rege
738 530 925 614 Huugarie¹
948 527 1079 594 inbelle
1097 530 1278 615 campestri.
1311 529 1397 595 Oum

276 558 417 706 quodam
439 639 516 702 rege
538 616 655 680 Ruscie
678 613 882 700 singulariter
907 614 943 676 in
967 611 1069 699 prelio
1091 613 1259 695 dimicans,
1288 613 1397 699 ipsum

276 702 436 768 interfecit
457 711 488 764 et
509 699 551 764 ab
574 699 687 765 eodem
708 697 841 762 mortale
862 695 978 762 vulnus
1000 698 1134 784 accepit,
1158 697 1397 796 supervivendo

277 787 405 852 duobus
428 785 555 866 diebus,
584 783 745 847 exercitus
774 791 884 846 tamen
910 803 987 845 suus
1016 782 1236 867 triumphavit.
1278 781 1397 848 Filiam

276 871 383 936 fratris
405 868 547 935 defuncti
569 867 662 931 ducis
684 866 788 930 filius¹
810 865 896 951 regis
911 864 1065 930 Bohemie
1081 866 1174 930 duxit
1194 867 1228 929 in
1250 887 1396 930 uxorem.

277 955 367 1020 Finis
390 955 499 1019 estatis
522 962 554 1016 et
568 960 654 1016 totus
669 961 841 1016 autumnus
856 948 1023 1034 pluviosus
1044 949 1114 1030 fuit,
1137 959 1254 1015 ettam
1280 958 1398 1014 estates

278 1039 400 1103 marine
422 1036 538 1102 multas
566 1057 665 1100 naves
694 1036 781 1099 circa
802 1035 853 1098 An
878 1032 963 1115 liam,
990 1031 1176 1098 Flandriam
1205 1043 1238 1099 et
1291 1035 1399 1098 aciam

279 1121 463 1187 obruertmt.
549 1119 675 1184 Eodem
702 1140 786 1183 anno
808 1055 989 1182 Rubertusa
1009 1117 1198 1183 Leodiensis
1224 1119 1398 1204 episcopus

276 1205 365 1271 obiit.

658 1287 753 1350 Anno
775 1286 909 1350 Domini
935 1285 1026 1350 1247.

362 1372 433 1436 Rex
455 1371 614 1436 Henricus
636 1369 755 1435 electus
776 1370 991 1456 proficiscitur
1011 1371 1045 1433 iu
1068 1371 1229 1451 Sueviam,
1257 1371 1313 1434 ubi
1335 1392 1399 1456 ope

278 1457 458 1522 Suevorum
490 1454 616 1522 obsidet
651 1453 804 1541 oppidum
835 1452 940 1518 Ulmo.
994 1453 1026 1518 A
1056 1475 1118 1540 quo
1151 1465 1258 1518 tamen
1292 1457 1399 1518 inacte

277 1539 408 1622 recedit,
431 1547 463 1603 et
483 1540 518 1602 in
539 1537 645 1604 reditu
666 1537 753 1623 apud
765 1537 1025 1622 Wardinbergrs
1048 1549 1188 1603 castrum
1209 1539 1401 1624 proprium⁰

281 1623 390 1710 lapsus
412 1624 477 1687 ab‘l
500 1644 593 1709 equa,
616 1632 648 1686 et
669 1634 818 1708 egrotans
840 1642 1042 1708 perpaucos
1064 1621 1143 1703 dies,
1166 1623 1334 1708 expiravit.

167 1741 222 1783 aas,
232 1740 268 1781 19,
365 1706 461 1772 Circa
481 1707 709 1792 penthecosten
730 1708 905 1792 imperator
932 1704 1097 1792 depositus
1124 1706 1267 1794 disponit
1288 1705 1401 1770 venire

279 1793 313 1854 in
338 1790 486 1873 Galliam,
509 1790 674 1855 locuturus
696 1813 771 1854 cum
793 1787 988 1875 quibusdam
1009 1789 1157 1856 fidelibus
1179 1793 1245 1856 suis
1265 1791 1299 1854 in
1317 1791 1400 1854 Bur·

279 1874 411 1961 gundia,
433 1884 466 1941 et
486 1897 606 1940 vocans
634 1874 676 1938 ad
708 1874 794 1938 diem
822 1873 976 1960 placitum
1004 1873 1141 1938 ducem⁰
1163 1872 1337 1939 Brabantie
1366 1882 1403 1938 et

280 1958 397 2023 multos
419 1957 543 2023 nobiles
566 1958 606 2022 de
628 1957 818 2040 Teuthonia,
847 1968 883 2023 ut
910 1979 1018 2022 coram
1039 1959 1103 2023 eis‘
1131 1959 1401 2045 expurgationem

280 2043 407 2120 faceret,
441 2052 478 2106 ut
499 2042 675 2125 dicebatur,
708 2042 749 2107 de
779 2043 912 2108 obiectis
946 2041 1008 2106 sibi
1029 2063 1049 2106 a
1070 2063 1157 2129 papa
1180 2043 1400 2109 criminibus⁴.

282 2127 347 2192 Sed
370 2149 444 2191 curn
466 2127 666 2191 Taurinum&
687 2127 836 2208 venisset,
864 2129 1012 2213 pervenit
1031 2127 1074 2191 ad
1096 2149 1170 2192 eum
1192 2127 1287 2208 fama,
1310 2126 1400 2213 quod

280 2213 398 2277 Parma
421 2212 534 2276 civitas
557 2210 632 2274 olim
661 2208 723 2274 sibi
751 2209 875 2274 fidelish
903 2209 944 2274 ab
973 2232 1012 2275 eo
1035 2211 1187 2294 descivit3
1216 2210 1302 2276 unde
1328 2213 1401 2297 ipse

200 2327 203 2332 ·
280 2306 411 2361 coactus
433 2303 481 2360 est
501 2294 621 2377 redire,
648 2294 799 2358 Parmam
828 2294 953 2359 obsedit
975 2305 1007 2359 et
1029 2295 1192 2360 civitatem
1213 2317 1330 2361 novam
1351 2295 1402 2361 ibi

279 2379 418 2461 edificat,
441 2380 493 2442 cui
514 2400 632 2443 nomen
646 2379 791 2443 Victoria
817 2380 962 2482 imponit.
997 2378 1077 2444 Sedi
1100 2380 1177 2445 dum
1200 2381 1286 2444 cives
1301 2381 1401 2444 eumk

279 2463 415 2529 viriliter
435 2463 617 2527 resistentes
640 2463 817 2548 excipiunt,
841 2463 903 2527 100
924 2485 966 2527 ex
988 2463 1053 2528 eisf
1072 2464 1159 2550 capti
1181 2473 1263 2528 sunt.
1317 2517 1319 2520 .

363 2547 442 2611 Post
467 2556 603 2611 mortem
630 2546 764 2610 Henrioi
789 2547 875 2630 regis
904 2544 1105 2612 Coloniensis
1136 2547 1401 2634 archiepiscopus

281 2629 477 2714 Lugdunum
498 2631 577 2712 adit,
598 2629 763 2694 locuturus
789 2651 863 2694 cum
884 2652 971 2757 papa
992 2630 1032 2697 de
1055 2631 1254 2698 ordinatione
1276 2633 1402 2718 episco-

280 2725 376 2802 patus
397 2713 586 2778 Leodiensis
616 2725 693 2778 tunc
717 2715 910 2804 [temporis]
934 2718 1109 2781 vacantis⁵.
1152 2717 1231 2782 Post
1258 2737 1400 2803 paucum

280 2811 407 2883 tempus
428 2819 515 2884 papa
536 2798 634 2862 mittit
653 2795 795 2882 legatum
815 2800 850 2862 in
864 2799 1106 2870 'leuthouiamm
1127 2801 1259 2866 Petrum
1282 2800 1401 2886 dyaco-

279 2903 357 2945 num
378 2880 573 2947 cardinalem
589 2881 699 2947 Sancti
715 2881 868 2968 Greorgii¹¹
890 2883 932 2948 ad
944 2883 1059 2949 Velum
1081 2906 1211 2950 aureum
1233 2907 1292 2971 pro
1313 2905 1401 2950 novo

281 2987 357 3050 rega
379 2965 514 3030 creando
536 2967 571 3028 in
592 2965 782 3032 Tauthonia.

362 3047 570 3135 Ludolphus⁰
599 3051 768 3137 eiscopus
795 3051 1056 3117 Monasterieusis
1086 3051 1180 3135 obiit;
1214 3054 1265 3116 cui
1287 3051 1401 3117 subro-

280 3142 376 3218 gatur
405 3133 505 3198 Ottol’
535 3134 575 3199 de
630 3136 641 3198 i
666 3136 730 3220 pia.
817 3135 984 3201 Conradus
1016 3136 1277 3223 archiepiscopus
1305 3136 1401 3201 Oolo-

280 3217 399 3282 niensis
420 3217 622 3282 advocatiam
642 3157 683 3284 de
697 3218 841 3284 Essende
857 3242 931 3284 cum
946 3230 1150 3285 novocastro
1195 3220 1260 3284 uod
1281 3221 1403 3285 dicitur

281 3301 458 3448 Isenberg?
480 3303 542 3366 iuri
564 3305 671 3387 episco
696 3302 739 3366 ali
761 3304 896 3369 subiecit
918 3314 950 3368 et
967 3305 1168 3369 advocatiam
1212 3326 1401 3386 cunensem,

281 3406 344 3472 que
371 3407 422 3448 am
448 3407 466 3448 e
494 3395 571 3448 tunc
597 3325 756 3452 vacabant
783 3410 825 3452 ex
852 3397 952 3452 morte
981 3388 1145 3474 magnifici
1174 3398 1206 3453 et
1230 3388 1402 3474 predivitis

281 3470 407 3534 comitis
436 3469 571 3533 Henrioi
593 3470 770 3551 Scinensis,
800 3473 855 3557 qui
882 3481 956 3536 ante
984 3471 1045 3537 boc
1072 3483 1199 3558 tempus
1225 3475 1259 3536 in
1288 3473 1402 3560 vigilia

165 3575 223 3627 naa.
234 3577 269 3618 14.
280 3553 528 3640 assumptionis⁶
551 3554 636 3618 diem
658 3553 772 3619 clausit
792 3565 981 3620 extremum.

283 3678 437 3731 a)Robertus
454 3682 502 3720 Da.
534 3678 808 3730 b)wardenbergn1)a.
848 3680 869 3732 c)
887 3683 1020 3724 suuth.
1052 3681 1076 3733 d)
1093 3683 1187 3724 deDt.
1224 3680 1400 3736 elducesDt.

280 3737 346 3788 nita
361 3739 410 3781 Da.
447 3739 472 3790 g)
488 3740 592 3780 Tharimt
608 3741 658 3781 Da.
694 3740 719 3792 h)
735 3741 870 3780 fidelissima
885 3741 953 3781 modo
970 3743 998 3781 ab
1014 3743 1065 3792 ipso
1082 3743 1212 3792 desciverltt
1229 3743 1291 3783 unde
1306 3747 1403 3784 coactus

280 3798 329 3840 rod.
344 3797 481 3839 Parth.
528 3797 545 3850 t)
555 3799 640 3839 Verum
656 3799 706 3838 Μ,
750 3797 829 3850 k)rtr.
845 3811 864 3842 r.
881 3811 935 3840 eum
950 3801 998 3842 Da.
1044 3798 1062 3852 t)
1078 3802 1133 3840 deest
1148 3803 1198 3842 Dr.
1252 3800 1401 3852 m)'1'autho·

281 3857 389 3965 npsIDlg
406 3856 596 3954 inhflgrpuanlam
612 3857 628 3899 l.
645 3859 694 3899 Da.
725 3855 750 3908 n)
768 3857 875 3908 Gregorii
891 3860 939 3898 Μ.
971 3858 994 3910 o)
1011 3859 1209 3910 astolphus-Da.
1240 3859 1264 3912 p)
1279 3861 1335 3900 deest
1350 3863 1401 3902 Da.

281 3927 295 3965 q
331 3926 372 3956 sen
390 3926 430 3963 eru
508 3945 512 3956 .

283 4009 311 4077 1)
328 4009 398 4060 Bela
410 4011 462 4061 IV.
494 4010 528 4062 A.
567 4036 569 4044 ·
603 4010 633 4077 2)
653 4011 806 4064 Ladialans.
881 4011 911 4079 3)
928 4013 1075 4082 Wartbarp.
1107 4013 1141 4066 A.
1216 4012 1303 4081 4)OE
1324 4014 1403 4080 epist.

280 4079 670 4146 undenariorum-Bra.
691 4085 736 4148 VI,
758 4085 820 4138 528.
841 4083 868 4138 0.
908 4084 936 4153 b)
948 4086 1076 4138 Bobertas
1096 4087 1163 4139 enirn
1183 4086 1318 4154 episcopas
1337 4087 1403 4138 obiit

283 4157 354 4205 1246
387 4155 441 4208 Oet.
463 4157 506 4208 16.
532 4157 566 4210 A.
623 4158 651 4221 6)
672 4158 731 4208 Iam
751 4159 871 4212 21.Ian.
894 4160 973 4210 1247.
992 4159 1130 4212 Conradaa
1150 4161 1222 4212 areb.
1242 4161 1400 4213 comitissam

284 4227 434 4282 Seinenaern
446 4229 475 4281 in
488 4233 595 4283 tutelam
604 4230 704 4296 recipit,
713 4233 791 4283 natta
803 4232 990 4299 comitisfaata
1002 4234 1129 4286 mantione
1144 4234 1223 4296 (Lae.
1233 4235 1276 4299 II,
1286 4251 1315 4300 p.
1325 4234 1400 4296 161).

283 4303 319 4353 In
350 4303 459 4356 cocleae
494 4303 696 4369 metropolitana
731 4305 878 4357 Coloniensi
916 4306 1103 4358 anniversaria
1131 4307 1258 4360 memoria
1287 4305 1403 4358 Raurici

283 4376 381 4428 comitis
394 4377 457 4428 Kal.
474 4377 589 4432 Ianuar.
609 4378 791 4430 celebrabatur
805 4379 929 4442 (Qaellen
942 4379 984 4444 II,
1000 4397 1030 4447 p.
1045 4381 1107 4444 604,
1126 4381 1160 4448 cf.
1178 4399 1211 4446 p.
1227 4381 1303 4445 649).
1334 4377 1361 4432 0.
