3126 4976
208 389 397 442 OHRONIOA
416 391 528 443 REGIA
548 391 799 445 COLONIENSIS.
820 391 923 442 CONT.
942 388 1162 442 A.1188.1rss.
1201 389 1252 438 141

533 562 699 615 Recenoe'o
719 563 744 615 Ι.
764 573 792 616 et
812 563 858 616 ΙΙ.

134 647 168 712 hi
190 669 287 734 quam
310 649 408 713 ceteri
429 669 539 712 omnes
562 648 604 712 ad
625 658 690 713 tres
712 670 812 712 annos
834 647 987 715 victualia
1009 651 1138 736 copiose
1157 649 1254 715 hab'e-

134 732 222 814 bant,
245 733 342 797 armis
364 733 454 817 preci
479 733 528 796 uis
552 742 583 797 et
605 734 692 796 omni
713 756 829 818 genere
851 733 1020 799 resistendi
1042 735 1165 798 muniti.

220 819 399 901 Imperator
419 755 553 880 militem
575 817 713 902 probum
730 817 960 882 Godefridumr
983 817 1023 882 de
1035 817 1254 884 Wisenbachb

137 922 211 965 cum
238 899 398 964 nonnullis
425 901 550 964 xeniisc
577 902 675 964 mittit
702 902 744 966 ad
766 901 933 966 soldanum
956 902 995 965 de
1017 901 1153 984 Yconio,
1181 923 1274 966 con-¹

135 985 314 1050 federatum
337 1006 429 1048 suum
451 984 492 1048 ab
515 985 656 1070 antiquo,
677 1007 736 1070 pro
758 987 894 1070 negocio
915 988 995 1050 tanti
1017 988 1148 1053 itineris.
1187 983 1255 1068 Ille,

136 1068 213 1134 visis
235 1067 348 1133 litteris
376 1078 408 1133 et
434 1069 561 1132 nunciis
591 1071 802 1156 imperatorie,
835 1069 908 1155 plus
959 1091 1034 1134 uam
1064 1070 1128 1134 dici
1155 1071 1257 1154 possit

137 1153 268 1238 gavisus
281 1161 338 1235 est,
351 1152 470 1234 dicens,
482 1153 545 1218 sibi
556 1154 752 1240 numquamd
763 1176 831 1216 rem
843 1093 1062 1218 iocundiorem
1076 1153 1255 1237 obvenisse,

139 1249 256 1323 quame
288 1237 515 1323 imperatorem
543 1237 770 1320 Romanorum,
806 1259 901 1324 quem
930 1260 1057 1324 semper
1090 1246 1257 1323 optaverat

137 1321 256 1402 videre,
284 1321 318 1384 in
345 1322 494 1406 proximo
523 1343 582 1406 per
609 1327 726 1386 terram
756 1343 846 1384 suam
873 1323 1083 1386 transiturum
1112 1321 1283 1404 audiret3,
1329 1319 1333 1326 ’

139 1427 173 1470 se
207 1427 327 1491 suaque
355 1407 463 1469 omnia
488 1404 572 1469 illius
603 1404 759 1470 voluntati
788 1415 819 1470 et
847 1407 983 1493 imperio
1010 1406 1077 1470 fore
1100 1405 1257 1490 exposita.

140 1488 207 1554 Sed
221 1489 318 1554 haecs
334 1511 406 1553 eum
423 1491 456 1553 in
471 1487 544 1553 dolo
560 1490 675 1574 egisse,
686 1491 741 1554 -rei
757 1490 861 1554 exitus
877 1491 1066 1554 monstravit
1074 1501 1097 1553 ὅ.
1122 1488 1259 1574 Scripsit

139 1574 237 1638 etiam
258 1573 465 1658 imperatorih
483 1572 598 1655 Gracc,
620 1574 676 1659 qui
690 1573 783 1639 solito
801 1596 895 1637 more
910 1573 1055 1659 elegatis
1071 1577 1129 1639 vix
1143 1595 1259 1638 manus

139 1655 193 1723 vel
213 1657 544 1739 venenacontinuitl,
568 1679 627 1722 nec
648 1658 730 1723 bene
752 1661 855 1722 tenuit
875 1680 936 1722 nec
951 1657 1033 1723 bene
1052 1657 1173 1722 dimisit
1194 1680 1259 1725 eos.

140 1743 294 1806 Attamen
323 1763 397 1804 cum
426 1743 553 1805 nunciis
584 1741 732 1806 soldanik
760 1763 834 1806 suos
852 1741 1028 1891 pquoquell
1057 1741 1259 1826 responsales

140 1825 263 1890 remisit
288 1825 330 1889 ad
351 1827 591 1910 imperatorem,
621 1847 701 1910 quos
722 1825 774 1889 ille
797 1848 849 1890 mo
874 1829 923 1890 ice
944 1828 1075 1890 tractari
1093 1826 1180 1908 fecit,
1199 1847 1260 1890 nec

141 1931 252 1982 eorum
274 1909 358 1974 fictis
380 1909 593 1993 legationibus
615 1909 710 1974 fidem
733 1909 870 1995 prebuit.

427 1992 505 2081 [38]
550 1993 645 2056 Anno
668 1993 830 2056 Dominim
854 1991 935 2058 1189
947 2006 972 2055 ¹¹.

227 2077 408 2162 Imperator
429 2076 555 2141 natale⁰
577 2078 712 2140 Domini
733 2077 840 2162 Egrae
862 2077 939 2162 agit.
1026 2076 1195 2141 cunradus
1218 2075 1261 2141 de

146 2159 256 2226 Suri-¹
289 2161 410 2226 litteras
437 2162 623 2247 imperatori
651 2162 745 2243 misit,
774 2183 903 2246 rogans,
934 2170 970 2225 ut
991 2160 1119 2224 festinet
1140 2161 1261 2243 venire,

145 2255 199 2310 ets
214 2244 335 2328 dicens,
357 2266 502 2344 paganos
517 2247 585 2310 eius
601 2245 740 2310 adventu
756 2247 876 2327 terreri,
899 2266 1096 2330 conquerens
1111 2246 1206 2308 etiam
1222 2245 1262 2309 de

144 2329 296 2412 Widone,
320 2352 376 2416 qu1
402 2352 461 2394 rex
486 2329 590 2394 fuerat
611 2327 818 2410 Iherusalem,
842 2329 898 2394 sed
919 2339 1041 2413 captus,
1071 2329 1263 2413 assignatisr

146 2411 340 2498 quibusdam
372 2412 508 2478 castellis
542 2415 574 2477 in
608 2415 658 2477 ius
692 2411 853 2478 Saladinis
886 2412 1039 2492 liberatus
1072 2423 1129 2494 est,
1162 2422 1194 2476 et
1222 2413 1262 2477 de

144 2496 295 2583 Philippo
324 2496 514 2562 Flandrcnsi
545 2497 722 2596 templario,
753 2497 840 2584 quod
869 2497 902 2561 hi
928 2497 1049 2561 invidia
1076 2496 1165 2560 ducti
1192 2518 1263 2580 gra-

143 2592 258 2646 varent
279 2585 372 2647 eumt
394 2583 427 2644 in
449 2580 557 2646 multis
580 2594 676 2646 et1am
697 2581 768 2666 plus
806 2603 880 2644 uam
895 2582 1023 2680 pagani.
1059 2580 1152 2645 Unde
1167 2581 1263 2644 etiam

143 2667 269 2750 argenti
283 2665 421 2751 pondus,
443 2666 531 2751 quod
544 2680 604 2730 rex
614 2665 751 2751 Angliae
766 2603 808 2730 ad
823 2665 1002 2729 subordinm
1017 2665 1264 2729 christianorum

143 2751 284 2830 miserat,
296 2748 528 2834 diripueruntu.
593 2750 677 2814 Ante
692 2749 939 2814 nataleDomini
950 2751 1123 2834 imperator
1137 2749 1265 2834 scripsit

145 2832 293 2915 ducibus,
315 2833 486 2898 comitibus
509 2841 541 2898 et
562 2835 686 2898 cunctis
708 2832 910 2918 principibus
931 2856 991 2932 per
1011 2834 1192 2920 imperium,
1208 2834 1266 2917 qui

145 2918 264 3002 signati
287 2927 422 3000 essenti,
437 2927 474 2981 ut
492 2939 526 2981 se
542 2927 730 3003 exspectent
750 2919 784 2980 in
800 2918 915 2998 eundo,
931 2927 1110 2982 ruramento
1131 2925 1264 3066 paratus

148 3000 351 3082 confirmare,
373 3003 401 3065 si
422 3023 488 3065 non
503 3001 696 3083 crederetur,
720 3024 753 3065 se
776 2998 966 3073 ultradiem
990 3003 1118 3066 sanctiw
1163 3001 1331 3086 eorgiinpr.
1348 3023 1385 3065 aa

144 3107 211 3149 non
232 3094 440 3164 moraturum,
461 3086 561 3149 immo
584 3106 622 3149 eo
645 3085 696 3149 die
726 3085 814 3170 apud
835 3085 1046 3170 Ratisponam
1077 3096 1262 3168 venturum,

144 3171 392 3255 et'quicumque
405 3167 526 3234 Christi
547 3169 619 3243 sint,
642 3169 684 3232 ad
705 3169 767 3232 hoc
788 3169 850 3233 iter
872 3168 1016 3252 expediti
1031 3191 1069 3233 eo
1085 3176 1265 3248 occurrant,

145 3253 220 3317 inde
248 3275 358 3318 secum
388 3253 554 3338 migraturi
585 3262 696 3317 contra
724 3251 947 3317 Saloninumx.
1000 3253 1053 3317 Ab
1077 3251 1138 3316 hoc
1167 3249 1266 3316 natali

144 3336 280 3401 Domini
306 3359 408 3437 usque
437 3340 471 3400 in
500 3336 640 3400 mediam
670 3335 950 3422 quadragesimam
979 3345 1015 3401 ut
1042 3357 1139 3402 arena
1168 3336 1266 3399 maris

145 3430 267 3506 nequer
290 3419 371 3486 caeli
392 3419 499 3485 sidera
524 3419 1005 3507 incomputabilessignatorum
1026 3429 1174 3485 catervae
1190 3441 1266 3483 eun-

145 3505 227 3570 tium
257 3513 289 3570 et
309 3505 527 3592 equitancium
550 3527 660 3569 omnes
690 3515 804 3569 stratas
832 3505 938 3590 regias
960 3513 992 3569 et
1013 3526 1072 3590 per
1099 3523 1267 3568 ascensum

144 3589 228 3654 Reni
257 3588 329 3653 loca
358 3591 467 3654 omnia
487 3589 699 3674 repleverunt.
750 3589 802 3652 De
824 3598 871 3653 tot
892 3609 968 3652 vero
990 3589 1154 3673 premissis
1177 3609 1267 3651 exer-

147 3674 264 3738 citibus
286 3673 327 3737 ad
350 3695 438 3738 mare
461 3674 593 3737 minima
613 3695 688 3758 pars
710 3675 846 3737 transire
869 3673 982 3759 potuit,
999 3673 1076 3758 quia
1094 3671 1265 3736 adnutum

147 3836 171 3890 a)
186 3838 242 3876 decet
258 3837 303 3878 02.
364 3835 388 3890 b)
398 3835 581 3878 Wisebachdi.
643 3833 796 3886 c)excn.02.
858 3834 881 3888 d)
898 3846 1001 3884 numque
1010 3847 1066 3875 corr.
1076 3845 1202 3884 numquam
1219 3833 1269 3876 Bl.

147 3894 171 3946 e)
188 3897 250 3946 quod
265 3897 292 3938 B.
309 3897 338 3937 0.·
398 3895 488 3946 oderat
503 3896 554 3938 Aa.
615 3892 639 3946 g)
656 3897 814 3944 comprobavit
830 3897 879 3936 Rl.
945 3893 969 3946 h)
986 3897 1111 3944 imperator
1126 3895 1181 3933 coni.
1197 3893 1269 3934 Plato.

147 3954 167 4007 i)
184 3957 259 3994 contis
274 3954 331 4004 At,
353 3956 543 3996 continued·
558 3964 622 3994 more
644 3955 731 3994 veneni
747 3955 840 3994 malicia
856 3955 965 4010 repletus,
981 3955 1070 4002 legatos
1086 3964 1165 3993 nec-
1183 3953 1271 3992 dimisit

147 4014 200 4056 Bi.
235 4012 259 4064 k)
280 4015 365 4054 soltani
381 4015 421 4054 Bi
437 4015 531 4064 saeptae.
577 4012 595 4065 l)
611 4014 666 4052 deest
681 4014 706 4053 Β,
717 4015 738 4054 0.
779 4011 914 4064 ω),1ηοατη.
929 4014 1025 4052 Domini
1042 4015 1085 4054 01.
1103 4014 1123 4052 2.
1162 4010 1270 4062 n)1180.

147 4084 206 4115 corr.
225 4074 291 4114 1189.
308 4074 364 4122 1313
381 4074 446 4113 1180.
462 4085 521 4114 man.
537 4084 579 4112 ree.
594 4084 650 4112 corr.
669 4073 734 4112 1179.
752 4074 794 4113 02.
861 4071 883 4122 o)
900 4073 972 4113 nativ.
989 4071 1039 4111 Aa
1114 4068 1138 4122 p)
1154 4070 1209 4111 Surs
1226 4071 1270 4111 Οἳ.

149 4130 311 4182 q)decctB1.
351 4129 711 4184 r)asignatisB1.2;asign.
730 4133 772 4174 02.
818 4129 1271 4183 s)itaA2;soldan103soltaniBl.

148 4188 167 4242 t)
182 4201 236 4231 eum
259 4212 284 4222 -
309 4192 394 4241 pagani
410 4193 454 4232 des.
471 4193 514 4232 01.
574 4190 599 4242 u)
614 4191 758 4240 diripuerant
773 4189 823 4232 Aa
883 4188 1050 4241 v)erantB1.
1111 4188 1141 4240 w)
1158 4188 1272 4229 dorstet.

148 4248 174 4300 x)
191 4249 310 4291 Sotadium
326 4251 369 4292 01.
429 4249 454 4302 y)
470 4251 545 4300 adque
561 4251 580 4289 B
592 4252 611 4291 1.
629 4251 673 4291 02.

154 4380 184 4448 1)
207 4381 287 4448 Tyro.
