3102 4978
354 391 542 444 CHRONIOA
562 391 676 443 anam
696 390 940 446 COLONIENSIS
960 395 992 444 A.
1015 395 1095 444 1111.
1252 398 1285 447 st

535 564 706 618 Recensio
727 565 750 617 J.
771 567 865 618 codd.
885 565 920 616 A.

159 651 336 732 maximus,
358 651 550 716 Antiochiae
570 649 769 737 subiugator,
791 652 969 716 Γ1111661111
991 663 1022 717 61
1038 653 1287 720 sarracenorum

159 735 275 814 victor,
297 734 485 799 moriuntur.
531 735 591 798 His
618 737 664 799 116
690 737 800 820 gestis,
829 737 914 800 reis
945 738 1116 836 optimates
1146 739 1288 825 quidam,

161 819 397 884 communicato
419 817 564 900 consilio,
586 841 718 905 papam,
745 823 801 905 qui
830 759 935 884 adlruc
964 843 998 884 m
1025 823 1114 907 regia
1142 823 1288 888 custodia

162 902 375 987 detinebatur,
398 903 526 985 adeunt,
554 914 696 984 monent,
726 913 827 986 orant,
854 914 891 969 ut
920 926 1017 990 super
1042 907 1128 990 regis
1157 907 1287 992 negotio

160 987 270 1052 mitius
292 997 416 1070 1166161,
439 987 584 1068 iniuriae,
607 989 634 1052 si
650 1007 746 1073 quam
761 986 916 1052 adversus
933 1005 977 1053 16
991 1011 1043 1053 em
1057 987 1184 1072 habeat,
1208 989 1286 1055 obli-

160 1073 311 1153 viscatur,
334 1070 428 1136 fedus
452 1093 524 1134 cum
545 1093 622 1157 rege
644 1071 746 1153 ineat3
770 1072 855 1157 regis
877 1071 940 1136 sibi
961 1011 1286 1140 11161116161161616-

161 1154 315 1220 dientiam
338 1166 539 1242 proponunt,
563 1157 650 1219 omni
670 1155 767 1220 modo
790 1155 971 1238 sollicitant,
994 1166 1029 1221 ut
1052 1180 1114 1243 que
1159 1159 1225 1222 6616
1255 1169 1286 1223 61

160 1238 351 1304 concordiae
381 1248 454 1303 sunt
480 1261 553 1303 eum
584 1239 780 1325 primoribus
808 1241 899 1326 regni
927 1239 1098 1326 disponere
1126 1181 1284 1327 dignetur¹

159 1323 233 1388 Rex
254 1324 324 1409 ipse
346 1323 483 1408 pedibus
513 1324 581 1389 eius
608 1323 771 1388 humiliter
797 1324 956 1410 profusus,
982 1325 1110 1390 veniam
1135 1325 1285 1411 postulat,

160 1407 375 1473 obedientiam
409 1407 471 1472 sibi
504 1407 651 1493 spondet,
685 1408 859 1473 dummodo
888 1409 918 1474 ei
946 1409 981 1472 in
1010 1411 1100 1494 regia
1128 1419 1285 1495 potestate

159 1492 228 1557 iure
248 1503 490 1557 antecessorum·
502 1513 642 1576 suorum,
666 1490 895 1557 catholicorum
910 1515 1034 1578 regum,
1056 1493 1102 1558 uti
1118 1492 1284 1559 concedat.

101 1580 108 1587 ’
161 1575 280 1662 Sicque
309 1577 418 1663 sepius
445 1577 599 1644 domnum
627 1599 756 1663 papam,
786 1587 823 1641 ut
849 1577 949 1641 animi
977 1578 1114 1662 rigorem
1143 1578 1184 1641 ali
1209 1600 1285 1642 uan-

158 1661 261 1745 tisper
285 1670 487 1746 temperaret,
513 1662 724 1747 attemptavit.
776 1661 921 1726 Tandem
943 1660 1008 1725 Dei
1035 1662 1139 1746 gratia
1164 1600 1285 1745 aderat,

160 1767 222 1830 que
244 1753 276 1809 et
295 1745 449 1809 domnum
471 1743 684 1830 apostolicum
705 1769 725 1810 a
746 1747 903 1811 sententia
924 1745 1061 1830 pristina
1078 1747 1285 1831 permutavit,

160 1838 192 1893 et
214 1828 367 1893 domnum
389 1851 508 1914 regem,
532 1831 558 1893 si
582 1828 660 1914 quid
681 1830 714 1892 in
736 1829 947 1914 apostolicum
964 1827 1106 1915 deliquit,
1130 1853 1172 1894 ex
1188 1829 1285 1896 corde

158 1914 306 2000 penituit.
341 1914 456 2013 ltaque
478 1935 538 1976 rex
560 1911 716 1976 domnum
730 1913 941 1998 apostolicum
957 1913 1132 1978 honorifice
1146 1913 1284 1979 Romam

157 1997 263 2062 redire
285 1997 439 2084 permisrt.
475 1997 624 2061 Domnus
639 2019 715 2062 vero
730 1997 924 2081 apostolicus
939 1997 1104 2076 Romanis,
1119 2007 1155 2062 ut
1169 2019 1284 2084 pacem

159 2092 191 2147 et
212 2081 417 2146 concordiam
439 2102 514 2145 cum
543 2104 621 2166 rege
650 2081 798 2163 habeant,
825 2080 1007 2166 persuadet,
1037 2103 1111 2145 cum
1139 2080 1284 2147 cardina·

157 2163 243 2229 libus
272 2167 451 2251 ceterisque
478 2167 625 2252 personis
655 2165 696 2228 ad
726 2163 788 2229 1616
816 2165 981 2250 negotium
1009 2164 1115 2250 dignis
1142 2164 1182 2229 de
1210 2187 1312 2230 661·«

158 2251 336 2314 secretione
358 2250 501 2314 eiusdem
524 2258 648 2314 tractat.
694 2248 819 2314 Statuta
841 2259 948 2314 autem
970 2247 1031 2329 die,
1056 2248 1132 2312 Idus
1151 2247 1282 2334 Aprilis,
1292 2272 1348 2326 apr.
1358 2276 1394 2317 16.

157 2335 192 2397 in
213 2333 369 2398 aecclesia
391 2332 477 2398 beati
491 2335 588 2415 Petri,
611 2332 858 2420 cooperantibus
881 2333 989 2419 episco
1014 2333 1041 2397 is
1063 2334 1104 2398 ad
1124 2333 1283 2420 hocopus

158 2419 349 2498 constitutis,
370 2418 572 2502 presentibus
587 2418 752 2485 Romanae
767 2415 921 2483 ecclesiae
937 2355 1162 2500 cardinalibus,
1178 2417 1282 2483 Theu-

156 2503 272 2567 tonicis
294 2503 454 2589 episcopis
474 2501 707 2585 assistentibus,
729 2523 836 2566 661611
851 2502 943 2586 regni
958 2501 1158 2650 principibus
1173 2524 1283 2587 regem

158 2608 232 2650 cum
254 2607 374 2685 magna
395 2586 499 2671 gloria
520 2587 553 2650 in
581 2587 806 2672 imperatorem
836 2595 1012 2650 consecrat.
1094 2608 1147 2649 um
1175 2596 1281 2652 autem

157 2669 261 2736 clerus
282 2692 452 2735 nnssarum
475 2669 665 2757 sollempnia
685 2669 797 2735 festive
819 2669 970 2756 usquein
986 2691 1058 2734 eum
1076 2668 1195 2753 locum,
1216 2692 1281 2756 quo

156 2776 199 2840 po
225 2754 297 2819 ulus
320 2754 462 2819 fidelium
485 2756 721 2820 communicare
737 2754 826 2836 solet,
846 2763 1025 2840 perageret,
1048 2753 1185 2818 domnus
1205 2776 1281 2841 apo-

157 2778 298 2922 stolicus,
314 2839 388 2903 dato
403 2838 538 2921 silentio,
554 2862 663 2925 regem
678 2839 727 2903 his
742 2837 849 2903 verbis
865 2837 925 2902 allo
951 2838 1051 2902 uitur:
1067 2837 1149 2902 ‘Hoc
1163 2859 1282 2923 corpus

156 2923 278 2987 domini
306 2924 408 2988 nostri
433 2920 531 2988 Ihesu
559 2922 689 3005 Christi,
717 2932 828 2987 natum
856 2944 898 2987 ex
961 2923 1030 2985 6116
1055 2922 1192 3007 virgine,
1222 2944 1281 3007 pro

156 3006 257 3072 salute
279 3008 405 3093 generis
426 3005 560 3071 humani
581 3029 712 3106 passum
735 3016 768 3070 et
782 3005 981 3087 crucifixum,
1004 3006 1065 3070 sita
1080 3005 1280 3071 confirmatio

156 3113 251 3156 verae
273 3091 364 3176 pacis
386 3103 418 3156 et
440 3090 631 3156 concordieb
653 3092 808 3156 interme
832 3098 863 3154 et
884 3088 934 3154 te'.
978 3088 1022 3153 Et
1043 3091 1280 3154 communican-

156 3183 214 3257 tes,
236 3177 378 3239 invicem
400 3173 534 3240 osculati
556 3184 639 3239 sunt.
684 3174 795 3238 Tantis
822 3195 898 3238 vero
928 3171 1100 3238 sollemniis
1131 3173 1281 3240 decenter

155 3260 311 3345 peractis,
340 3260 515 3345 imperator
541 3257 695 3323 domnum
725 3256 937 3345 apostolicum
967 3279 1001 3320 16
1027 3257 1064 3320 'is
1094 3259 1280 3322 muneribus

157 3344 264 3424 donat,
286 3354 319 3408 61
332 3383 374 3392 -
388 3367 429 3410 ne
443 3342 570 3430 longius
586 3365 733 3408 sermone
747 3349 910 3428 protracto
925 3341 997 3404 fasti
1021 3341 1088 3404 ium
1107 3341 1280 3407 lectoribus

492 3468 659 3522 Reccasio
678 3468 720 3521 II.
739 3471 835 3522 codd.
856 3469 891 3519 B.
909 3465 937 3518 C'.

156 3563 307 3613 invicem
335 3561 605 3624 concordantes,
628 3563 763 3613 Romam
783 3561 947 3622 redeunt,
972 3560 1184 3626 pacatisque
1213 3560 1280 3610 Ro·

157 3638 281 3698 manis,
301 3651 348 3686 rex
367 3636 400 3685 ab
420 3635 569 3701 apostolico
589 3636 618 3684 in
636 3637 824 3702 imperatorem
845 3639 1031 3696 consecratum
1055 3635 1099 3683 cui
1118 3634 1187 3683 inter
1207 3648 1278 3682 com-

156 3717 345 3768 municandum
366 3732 427 3768 cum
447 3717 539 3768 osculo
563 3717 662 3783 pacis
688 3717 889 3769 6611111161116ο
908 3699 1040 3765 tradidit
1061 3698 1278 3798 privilegium,

156 3783 244 3869 quod
264 3793 387 3868 postea,
410 3804 448 3848 eo
470 3782 649 3863 recedente,
671 3784 764 3848 iussit
784 3784 894 3849 vocari
938 3781 1138 3868 ravilegrum,
1169 3804 1279 3848 omnes

155 3869 189 3930 in
211 3877 302 3952 parte
325 3868 392 3932 eius
414 3867 585 3932 sentientes
601 3869 893 3951 excommunicans,
914 3807 1016 3932 home
1031 3866 1155 3953 synodo
1169 3866 1280 3932 habita

155 3960 267 4016 contra
289 3972 362 4015 cum
387 3952 447 4016 125
469 3951 726 4036 episcoporum1.

155 4111 288 4166 a)fltA1.
348 4113 373 4166 b)
390 4118 413 4155 et
429 4115 553 4156 6616611116
568 4125 676 4164 repertor.
692 4113 743 4154 Al.
775 4129 803 4148 =
834 4113 855 4166 6)
872 4114 987 4155 1666101.

158 4245 187 4310 1)
212 4247 288 4298 Haec
308 4247 345 4298 ad
363 4246 482 4299 Annales
502 4245 531 4300 S.
544 4245 645 4298 Albani
662 4245 805 4312 reserenda
824 4263 887 4310 6666,
906 4245 1000 4298 statuit
1018 4245 1136 4310 sea-B,
1150 4263 1182 4311 p.
1203 4245 1235 4294 21
1251 4263 1278 4296 n.

156 4318 214 4370 Sed
233 4321 326 4385 potios
346 4320 566 4388 Rosensclolcnscs
585 4319 683 4372 Sabura
703 4337 735 4386 p.
753 4321 813 4371 101.
838 4318 976 4384 indicavit,
995 4319 1115 4384 fortem
1141 4336 1200 4369 cum
1224 4317 1279 4370 teta

156 4391 318 4444 conitnrctos.

1004 4477 1047 4540 4*
