3122 4978
210 381 399 435 CHRONIOA
412 384 525 436 REGIA
540 385 792 440 COLONIENSIS.
813 387 916 440 CONT.
927 390 964 440 ΙΙ.
985 391 1016 443 Α.
1030 391 1109 444 1206.
1123 393 1201 450 1206,
1242 396 1295 446 1⁷9

172 558 205 613 et
225 547 417 615 detrimento
438 573 473 615 re
497 553 611 617 atriare
633 553 776 638 festinat3
800 577 895 642 quem
916 567 1023 623 tamen
1042 557 1178 624 Adolfus
1193 560 1295 625 archi-

172 633 356 719 episcopus,
378 634 451 699 Ado
547 657 655 702 comes
683 641 845 726 ceterique
879 643 1011 708 comites
1034 641 1206 709 Germanie
1234 667 1294 732 pro

173 715 307 781 consilio
332 727 366 782 et
392 718 514 783 auxilio
542 740 607 784 non
634 721 742 785 minus
770 721 940 791 sollicitare
963 736 1120 812 satagtmt.
1176 729 1294 794 Comes

170 799 361 874 Iuliaeensis
383 801 498 868 clerico
521 802 649 869 cuidam
671 805 754 870 bone
775 806 892 872 indolis
905 809 947 892 ad
961 811 1112 875 iniuriam
1126 809 1294 878 Oolcnien-

172 885 256 949 sium
267 896 289 968 ⁸,
317 908 446 967 vesano,
479 889 578 953 immo
607 888 767 955 diabolico
801 901 891 956 actus
926 893 1088 976 instinctu,
1117 918 1232 960 nasum
1262 907 1294 963 et

171 991 265 1034 aures
286 969 420 1052 abscidi,
441 970 585 1057 linguam
605 973 755 1059 presoidi,
778 974 888 1040 oculos
909 979 988 1060 erui,
1009 979 1055 1043 sic
1080 1001 1120 1043 ue
1141 979 1292 1046 membris

173 1052 321 1118 omnibus
335 1054 479 1120 inutilem
495 1077 608 1142 campo
625 1055 805 1157 [relinquit]
820 1063 974 1148 precepit.
1057 1001 1292 1128 ludolfusMa-
1346 1125 1349 1132 .
1389 1125 1393 1134 .

172 1137 426 1224 gedeburgensis
448 1139 708 1226 archiepiscopus
732 1140 826 1225 obi1t;
849 1146 902 1208 cui
923 1144 1075 1211 Albertus
1098 1148 1200 1211 maior
1221 1171 1291 1234 pre·
1348 1181 1352 1190 ·

169 1223 294 1307 positus
316 1223 460 1288 eiusdem
483 1223 615 1289 ecclesie
637 1226 800 1295 successit·
852 1293 855 1299 Α

408 1328 503 1390 Anno
526 1327 687 1392 dominice
708 1330 938 1394 incarnationis
962 1331 1053 1396 1206.

255 1409 294 1472 ln
315 1430 415 1495 pasca
437 1431 545 1476 comes
561 1411 601 1476 de
615 1411 816 1478 Hoinstaden
832 1415 1003 1500 cunctique
1024 1417 1168 1480 fautores
1182 1416 1290 1482 Adolfi
1300 1438 1356 1488 aar.
1366 1440 1387 1480 a.

171 1492 406 1579 archiepiscopi
429 1517 504 1559 oum
526 1496 684 1562 universis
705 1497 834 1583 populis
856 1497 920 1562 sibi
942 1498 1094 1564 subiectis
1117 1499 1249 1566 Colonie
1271 1525 1291 1567 a

171 1575 328 1663 delegatis
349 1578 518 1665 apostolici
540 1581 871 1680 excommunicantur,
893 1592 926 1682 et
943 1605 1002 1667 per
1024 1605 1151 1648 omnem
1173 1592 1291 1650 terram

171 1682 283 1725 eorum
312 1672 378 1727 tam
406 1663 540 1728 ecclesie
574 1687 671 1751 quam
704 1664 812 1729 clerici
845 1689 865 1729 a
894 1665 1012 1730 drvrms
1042 1669 1290 1754 suspenduntur.

170 1744 266 1810 Unde
283 1768 379 1832 quam
394 1747 487 1811 multi
507 1749 621 1834 iugum
645 1748 825 1815 obedientie
848 1759 880 1815 et
900 1751 1025 1814 timoris
1039 1752 1175 1816 Domini
1195 1751 1289 1818 huius

169 1829 234 1893 vite
256 1830 469 1896 emolumento
493 1842 707 1918 preponentes
730 1835 861 1920 suisque
884 1834 1032 1899 omnibus
1054 1837 1288 1919 renunciantes,

168 1913 352 1979 mendicare
365 1927 534 2000 coguntur,
557 1917 688 2003 quidam
702 1940 779 1983 vero
794 1919 860 1982 vite
874 1919 1063 1984 necessitate
1077 1929 1212 2006 urgente
1226 1920 1288 1985 sub

168 1997 339 2063 interdicto
362 2000 569 2082 celebrantes,
601 2001 710 2066 altaris
734 2003 892 2068 beneficio
917 2003 1092 2088 privantur.
1178 2004 1288 2070 Wille-

167 2080 292 2147 helmus
315 2083 393 2165 dux,
415 2084 513 2149 frater
530 2084 658 2150 Ottonis
673 2087 771 2171 regis,
793 2085 973 2172 Goslariam
989 2087 1151 2153 civitatem
1165 2089 1288 2172 regiam

170 2166 362 2252 quibusdam
384 2169 507 2233 insidiis
530 2191 567 2234 ca
592 2179 656 2234 tam
680 2181 721 2253 et,
742 2181 777 2235 ut
791 2171 898 2236 verius
917 2169 1051 2254 dicattrr,
1073 2171 1183 2237 divino
1205 2172 1288 2236 iudi-

170 2253 220 2315 cio
242 2252 305 2317 sibi
326 2254 488 2333 traditam,
511 2277 530 2317 n
580 2276 598 2318 ο
619 2256 796 2336 resistente,
818 2276 894 2318 curn
917 2255 1061 2319 exercitu
1079 2257 1209 2342 copioso
1224 2255 1287 2404 po·

169 2343 272 2401 tenter
293 2337 433 2420 intravit,
463 2337 520 2402 ubi
548 2341 758 2403 conventione
785 2338 871 2402 facta
897 2348 929 2403 et
954 2340 1097 2424 acceptis
1118 2339 1224 2405 obsidi
1248 2363 1286 2405 us

168 2441 240 2484 cum
263 2432 464 2486 sacramento
485 2422 571 2505 fidei,
602 2423 763 2488 civitatem
793 2423 924 2508 quidem
946 2422 1060 2488 ditioni
1088 2445 1145 2489 sue
1166 2425 1286 2489 manci-

166 2505 266 2590 pavit,
290 2503 406 2568 fiscum
427 2527 503 2571 vero
525 2509 651 2593 regium
675 2505 775 2571 multo
797 2518 942 2592 tempore
965 2506 1096 2592 publica
1118 2508 1286 2573 exactione

166 2587 336 2654 collectum
358 2599 461 2654 totum
483 2591 687 2674 exhauriens,
716 2591 797 2674 auri,
829 2593 954 2676 argenti
974 2613 1147 2679 rerumque
1169 2592 1286 2741 ppetio·

165 2694 272 2737 sarum
293 2674 494 2739 innumeram
517 2677 727 2760 quantitatem
749 2697 860 2740 secum
881 2676 1090 2760 asportavit1.
1204 2699 1285 2742 runo

165 2757 284 2822 electus
306 2780 326 2822 a
348 2758 509 2843 Sigefrido
531 2760 721 2845 Mogontino
748 2758 996 2846 archiepiscopo
1020 2758 1153 2825 Colonie
1176 2782 1284 2827 conse-

165 2852 273 2907 cratur
293 2843 328 2905 in
348 2842 456 2907 archie
481 2843 626 2928 iscopum
648 2845 677 2908 8.
698 2842 775 2907 Idus
794 2844 896 2928 Iunii,
950 2845 1129 2909 recentibus
1157 2844 1284 2911 duobus
1294 2863 1346 2905 Iun.
1355 2865 1378 2905 e.

164 2951 182 2993 e
205 2927 334 3012 iscopis,
357 2929 413 3013 qui
435 2865 478 2992 ad
498 2927 560 2991 hoc
581 2936 688 3014 ipsum
709 2928 800 2991 iussu
821 2866 991 3014 apostolici
1012 2927 1052 2992 de
1067 2927 1187 3015 Anglia
1208 2928 1284 2993 illuc
1374 2955 1377 2961 ·

164 2949 369 3076 advenerant.
455 3009 537 3076 Item
552 3010 721 3110 Philippus
742 3034 801 3076 rex
816 3013 902 3076 circa
919 3011 1038 3076 festum
1054 3022 1165 3078 sancte
1182 3013 1283 3079 Marie
1294 3033 1336 3074 ruz.
1349 3034 1385 3073 aa.

165 3094 356 3180 Magdalene
380 3094 589 3159 Germaniam
618 3103 729 3181 qumto
759 3097 791 3158 in
833 3118 931 3178 essue,
964 3095 1025 3161 hac
1053 3094 1192 3196 illacque
1223 3120 1282 3184 pro

162 3179 256 3244 libitu
282 3179 444 3260 incedens,
473 3201 570 3265 super
595 3178 732 3242 fluvium
753 3179 801 3243 Ar
814 3178 917 3265 ephe²
940 3201 1013 3242 cum
1041 3190 1186 3247 exercitu
1208 3203 1282 3247 con-

163 3264 254 3344 sedit,
285 3263 412 3328 duobus
442 3259 587 3328 miliariis
613 3285 633 3326 a
661 3271 766 3327 castro
795 3263 882 3349 quod
900 3264 1135 3349 Wassinburg³
1163 3265 1283 3329 dicitur

163 3350 341 3431 seiunctus,
363 3348 421 3413 ubi
436 3348 532 3412 etiam
555 3348 670 3412 ducem
685 3347 725 3410 de
740 3346 887 3434 Lymbur
923 3348 957 3410 in
970 3351 1108 3432 gratiam
1129 3350 1280 3435 suscepit.

161 3433 201 3496 In
224 3432 335 3517 vigilia
357 3433 460 3496 sancti
476 3431 679 3498 Pantaleonis
692 3430 768 3496 Otto
784 3453 854 3512 rex,
905 3453 985 3496 runo
1008 3432 1115 3496 archie
1139 3432 1377 3531 iscopus,11a.ar.

162 3516 355 3599 Walravius,
377 3539 397 3579 a
420 3528 555 3602 gregata
568 3515 714 3603 preclara
728 3513 851 3596 militia,
868 3515 1035 3602 pugnandi
1050 3453 1280 3582 deliberatione

162 3623 195 3666 se
217 3611 329 3665 mutuo
360 3539 571 3683 cohortantes,
604 3599 755 3685 Philippo
784 3601 854 3685 regi
886 3599 1017 3664 obviam
1043 3612 1280 3684 processerunt,

162 3684 218 3750 sed
234 3683 343 3751 habito
359 3687 508 3771 utrinque
528 3684 671 3766 consilio,
693 3706 801 3769 pugne
816 3684 1040 3749 necessitatem
1055 3685 1089 3747 in
1104 3685 1279 3749 crastinum

161 3768 289 3834 differre
312 3768 515 3855 complacuit.
559 3769 647 3832 Dum
668 3769 767 3854 igitur
786 3768 862 3833 Otto
884 3791 943 3832 rex
965 3789 1039 3834 cum
1061 3769 1127 3834 suis
1149 3767 1279 3853 refrige-

159 3852 252 3917 randi
273 3855 379 3939 gratia
401 3853 555 3939 depositis
577 3854 675 3917 armis
697 3853 858 3917 incastris
881 3854 947 3918 suis
970 3854 1157 3939 aequisque
1179 3855 1279 3940 quieti

161 3937 310 4021 dedisset,
333 3948 365 4004 et
384 3939 450 4003 iam
472 3937 572 4002 nichil
586 3935 663 4000 mali
683 3938 880 4022 suspicantes
896 3935 995 4002 solam
1011 3959 1154 4024 pugnam
1170 3959 1278 4024 super·

160 4136 183 4188 ι)
201 4137 316 4182 colonici
331 4137 380 4180 As.
441 4135 466 4190 b)
482 4139 537 4180 dccet
553 4139 601 4181 At.

161 4307 189 4372 1)
215 4306 256 4373 ΟΥ.
276 4306 388 4359 Ανηοίιῑ.
408 4306 477 4359 Lao.
504 4307 555 4372 Vl,
587 4306 867 4374 7;01ινυη.ν1ιμι1ηη.
902 4324 929 4373 p.
959 4308 1012 4358 530
1042 4325 1079 4372 sq.
1157 4305 1186 4374 2)
1205 4308 1277 4373 Ersl.

158 4377 188 4445 3)
215 4380 390 4448 Wasscuberq.

979 4465 1044 4528 12*
