3122 4978
275 388 277 392 ⁵
308 405 360 454 194
400 397 972 454 CHRONICAREGIACOLONIENSIS.
994 396 1387 448 cour.11.n.1215.1ars.

305 570 457 651 decebat,
479 571 513 632 in
536 568 641 652 ymnis
663 575 695 631 et
715 564 874 647 laudibus,
897 585 969 628 cum
992 566 1140 628 coroniss
1162 573 1193 628 et
1211 562 1427 649 lampadibus,

306 677 381 719 cum
404 662 586 718 sanctorum
607 649 750 736 reliquiis
781 659 813 714 et
834 647 982 713 crucibus
1004 648 1235 734 gloriosissime
1256 657 1428 732 susceptus

306 750 364 804 est.
408 736 557 802 Castrum
571 734 790 799 Landiscrone
805 734 873 818 regi
887 733 1077 819 resignatur.
1161 732 1301 798 Infesta
1324 731 1429 794 sancti

191 842 247 886 uos.
258 841 294 882 11.
305 822 436 886 Martini
457 820 562 907 papab
566 862 1161 886 ....................
1178 815 1370 881 celebravitc
1392 814 1429 878 in
1485 846 1498 854 -

305 955 313 970 .
337 954 344 970 .
368 953 392 970 ..
400 947 813 974 ..............
824 913 833 947 ¹
862 901 1006 987 exceptis
1034 899 1228 982 abbatibus„
1244 897 1428 985 prepositis,

304 989 434 1054 decanis
445 987 577 1074 aliisque
589 984 795 1052 ecclesiarum
807 983 947 1072 prelatis,
962 1006 1097 1071 quorum
1109 1005 1174 1048 non
1185 992 1253 1048 erat
1262 1001 1427 1064 numerus,

308 1073 452 1158 exceptis
474 1070 607 1153 clericis,
628 1069 792 1134 monachis
814 1067 947 1155 aliisque
969 1069 1066 1134 totius
1089 1068 1208 1133 ordinis
1230 1075 1286 1131 aut
1306 1065 1429 1152 profes-

305 1156 404 1222 sionis
430 1157 517 1238 viris,
540 1176 675 1241 quorum
698 1152 867 1218 multitudo
897 1174 967 1216 com
992 1154 1075 1217 utari
1096 1172 1160 1216 non
1180 1160 1317 1299 poterat.

389 1241 466 1327 lpso
478 1261 561 1304 anno
574 1237 769 1324 Saphatinus
781 1258 854 1300 cum
869 1234 942 1300 liliis
968 1237 1061 1300 ratris
1074 1239 1123 1300 sui
1136 1237 1179 1302 Sa
1191 1237 1270 1301 atini
1286 1235 1430 1300 reconci-

304 1323 409 1405 liatus,
418 1324 561 1387 exercitu
570 1323 689 1408 pariter
700 1343 818 1406 congre
842 1330 904 1403 ato,
914 1319 1133 1385 Ierosolimam
1144 1320 1287 1402 adeunte,
1296 1328 1430 1405 repente

304 1429 402 1494 super
417 1407 596 1492 inprovisos
611 1415 643 1470 et
656 1404 753 1469 nichil
768 1343 864 1469 molid
875 1406 1074 1491 suspicantes
1090 1403 1278 1469 christianos
1292 1405 1429 1487 irruunt,

305 1512 430 1591 pacem,
448 1512 543 1576 quam
558 1489 663 1553 adhuc
679 1489 803 1554 duobus
818 1490 910 1553 annis
932 1489 1123 1554 servandam
1145 1489 1205 1555 sub
1222 1497 1427 1554 sacramento

304 1576 476 1640 ruramenti
487 1574 758 1654 confirmaverant,
771 1582 932 1658 rumpunt,
943 1583 1097 1654 sternunt,
1110 1575 1250 1672 capiunt,
1265 1573 1427 1655 occidunt,

305 1657 408 1740 villas,
419 1659 519 1740 vicos,
531 1655 637 1739 urbes,
649 1665 762 1738 castra,
775 1655 904 1722 castella
915 1658 1056 1757 capiunt,
1069 1657 1232 1744 diripiunt,
1248 1657 1427 1739 destruunt,

305 1743 454 1829 omnique
477 1740 663 1806 crudelitate
685 1752 877 1826 perpetrata,
904 1740 1028 1828 rehqua
1050 1743 1300 1828 circumquaque
1321 1743 1429 1840 posita

306 1827 404 1893 effera
430 1835 536 1890 mente
563 1826 708 1910 aggressi
737 1836 821 1890 sunt.
864 1825 937 1890 Hoc
958 1824 1132 1890 miserabili
1161 1847 1239 1890 casu
1261 1825 1428 1890 christiani

304 1911 400 1978 nimis
423 1909 593 1991 humiliati,
628 1908 835 1992 calamitates,
865 1911 1081 1992 contritiones,
1114 1909 1209 1975 cedes
1236 1910 1427 1993 occisorum,

305 1993 535 2060 desolationem
562 1993 661 2058 Terre
691 1992 808 2058 Sancte
838 1994 946 2059 statim
976 2015 1050 2058 cum
1077 1994 1278 2060 festinatione
1308 1992 1428 2058 domno

305 2099 390 2166 pape
417 2078 553 2142 Romam
582 2077 769 2142 denuntiare
799 2087 991 2143 curaverunt
1023 2088 1068 2159 et,
1106 2079 1170 2143 nisi
1199 2078 1262 2144 sibi
1291 2075 1428 2142 celerius

309 2172 559 2243 succurreretur,
586 2163 693 2247 ipsum
715 2161 875 2226 modicum
897 2173 990 2244 terre,
1018 2161 1105 2248 quod
1126 2161 1231 2227 adhuc
1251 2171 1428 2248 utcumque

305 2256 413 2312 tenere
425 2245 626 2326 videbantur,
641 2245 675 2308 in
691 2245 784 2310 brevi
799 2267 833 2309 se
848 2246 1023 2311 amissuros
1039 2247 1203 2311 verissime
1216 2244 1427 2311 testabantur.

306 2331 380 2412 Quo
402 2329 485 2394 tristi
505 2329 617 2393 nuntio
648 2350 733 2414 papa
760 2329 975 2416 universoque
1005 2329 1138 2395 concilio
1164 2330 1298 2394 nimium
1320 2340 1428 2396 mente

306 2424 519 2496 consternato,
540 2412 620 2511 quid
643 2434 740 2498 super
760 2412 820 2476 hac
843 2422 909 2476 tam
930 2415 1096 2499 repentina
1118 2411 1208 2479 clade
1230 2413 1272 2478 ad
1293 2435 1427 2499 presens

306 2520 387 2584 opus
410 2505 503 2578 esset,
531 2496 588 2559 diu
611 2516 649 2559 ac
672 2497 748 2560 satis
770 2495 948 2581 suptilitere
971 2498 1012 2562 ab
1043 2497 1192 2563 omnibus
1215 2495 1427 2562 deliberatum

305 2591 384 2647 cst³.
435 2580 594 2660 Quoniam
623 2580 722 2664 igitur
754 2579 919 2665 expeditio
947 2581 1115 2680 generalis,
1151 2604 1212 2668 que
1238 2580 1426 2650 universalis

305 2663 433 2730 concilii
466 2663 570 2728 edicto
592 2665 626 2726 in
645 2663 788 2726 ficturum
810 2685 929 2727 annum
951 2675 1034 2730 mter
1056 2665 1198 2731 diversas
1220 2687 1332 2730 musas
1376 2686 1428 2730 ro-

305 2757 407 2815 tracta
439 2748 557 2829 fuerat,
590 2745 693 2810 laxari
725 2746 773 2813 fas
805 2769 870 2812 non
903 2759 985 2830 erat,
1020 2749 1170 2815 omnibus
1203 2772 1237 2814 se
1271 2688 1426 2834 expedire

304 2831 485 2898 valentibus
507 2831 593 2896 etin
616 2831 790 2895 continenti
812 2832 846 2895 in
867 2834 995 2898 nomine
1017 2833 1151 2898 Domini
1175 2834 1222 2899 ire
1243 2832 1425 2897 volentibus

306 2937 394 3064 cuppll
403 2913 625 3042 benedictione
647 2914 825 3000 apostolica
846 2915 1044 3003 indulgentia
1059 2919 1157 2984 eundi
1171 2940 1191 2982 a
1205 2917 1322 2982 domno
1337 2937 1426 3003 papa

305 3001 340 3066 iu
418 3009 489 3064 ettrr
536 3042 1425 3067 .............................

389 3023 589 3164 Ειιὰθπίοιιε,
605 3081 689 3146 filius
700 3081 841 3170 Philippi
856 3085 942 3170 regis
953 3085 1100 3170 Francie,
1115 3083 1265 3172 Angliam
1279 3086 1313 3148 in
1328 3107 1427 3149 manu

305 3166 412 3233 valida
432 3167 603 3252 ingressus,
625 3165 799 3266 plurimum
822 3176 904 3233 terre
918 3171 1071 3255 potestati
1085 3192 1142 3234 sue
1157 3170 1297 3256 subegit,
1319 3170 1426 3256 ipsum

306 3274 416 3338 regem
437 3273 537 3337 regno
560 3261 677 3336 partim
700 3252 812 3316 cedere
834 3253 998 3338 compulit.

543 3352 637 3418 Anno
660 3354 821 3418 dominice
842 3354 1072 3420 incarnationis
1096 3357 1186 3421 1216.

184 3473 295 3517 M
308 3436 1013 3587 sall]didelllltlissllllllrllalr
1027 3438 1426 3588 lfltllttl’tittr

212 3545 413 3676 nasabrucis
440 3543 1032 3672 Fridericusprexpcuriemglcelebrat
1053 3607 1141 3692 apud
1169 3606 1425 3692 wirzeburgum

306 3803 329 3856 a)
352 3816 434 3846 ccorr.
451 3805 499 3844 At.
573 3802 598 3856 b)
614 3814 675 3855 popa
694 3807 718 3845 in
738 3806 807 3856 eapite
829 3807 912 3858 lineas,
926 3807 989 3847 eatae
1008 3805 1114 3857 raiqnam
1143 3806 1237 3857 mattam
1256 3817 1346 3847 vacuum
1374 3807 1426 3848 Αἵ.

307 3863 328 3916 c)
345 3863 448 3904 cebravit
463 3865 488 3904 in
503 3864 567 3903 iasio
583 3863 658 3912 uncae,
674 3865 737 3904 artua
750 3866 789 3905 rel.
802 3877 835 3916 sp.
852 3876 944 3906 vacuom
959 3866 1009 3909 As.
1054 3864 1078 3918 d)
1095 3866 1157 3906 mala
1172 3865 1218 3906 ΑΞ.
1263 3866 1285 3915 e)
1302 3869 1358 3916 rapt.
1376 3865 1424 3908 At.

306 3921 434 3975 odacrum
449 3923 555 3962 linearum
570 3921 664 3972 opattam
678 3934 770 3964 vacuum
785 3925 834 3967 Aa.
904 3925 927 3978 g)
944 3925 967 3968 k.
984 3925 1032 3968 kal.
1050 3925 1099 3966 Aa.
1162 3921 1185 3975 h)
1201 3925 1356 3975 wirzenburg
1371 3925 1420 3966 As.

308 4089 336 4159 1)
351 4091 393 4144 Da
405 4108 501 4158 magua
521 4092 629 4144 concilio
640 4091 817 4146 Latarauaasi
835 4111 918 4147 sermo
938 4103 993 4158 cst,·
1013 4095 1046 4160 cs.
1061 4095 1145 4146 locum
1163 4093 1192 4144 in
1209 4092 1303 4145 Obron.
1320 4093 1420 4160 Uesper

305 4163 380 4234 pensi
408 4163 523 4230 alibique
550 4163 664 4217 abrisen.
741 4165 770 4235 2)
799 4169 875 4220 Haec
904 4184 936 4220 ec
954 4169 1035 4235 falso
1063 4184 1168 4219 ramore
1196 4175 1263 4217 acta
1290 4165 1425 4223 videntur.

306 4238 336 4306 3)
358 4237 398 4306 by.
412 4237 561 4291 Innocentis'
585 4240 729 4291 orationem
754 4243 783 4292 ia
809 4238 917 4294 coneilio
938 4241 1063 4304 babitans,
1083 4239 1176 4292 Mauri
1195 4239 1288 4304 XXII,
1308 4257 1339 4306 p.
1361 4241 1424 4292 968.

305 4310 336 4378 4)
352 4311 444 4366 Minas
462 4321 530 4366 recta
551 4311 623 4364 Ceut.
643 4313 702 4367 ΙΙΙ.
722 4331 773 4369 rec.
794 4317 822 4368 B
841 4313 994 4383 Narinbery
1012 4313 1098 4366 babet.
