2988 5058
276 387 331 436 824
467 385 516 436 EX
536 382 725 436 EPISTOLIS
746 384 921 436 GUIBER'l'I
940 382 1226 435 cunssnaouusls

277 577 419 634 nensem,
447 553 655 620 vehementer
676 556 710 618 in
732 576 766 618 se
792 551 968 617 concitatos
999 561 1031 616 et
1058 548 1156 614 nichil
1183 548 1270 614 aliud
1300 571 1409 636 quam

198 664 263 706 rrsr.
275 637 379 726 prelia
406 639 440 702 in
462 637 648 703 alterutrum
681 637 888 717 meditantes,
917 635 1031 721 positis
1061 634 1104 698 ad
1132 633 1302 698 dimidium
1331 633 1409 700 fere

276 746 397 787 annum
429 723 548 807 treugis
561 735 581 804 ¹,
609 721 804 786 merentibus
833 719 975 785 leticiam
1011 727 1043 784 et
1077 741 1134 805 pre
1171 719 1408 805 expectatione

276 808 512 872 imminentium
534 805 692 871 malorum
706 805 940 906 trepidantibus
957 802 1171 868 desideratam
1193 804 1417 876 securitatem¹

276 890 455 957 reddidisti.
497 890 565 954 Nec
587 912 625 954 eo
640 891 730 976 pacis
752 889 876 954 initiate
898 889 1039 953 contenti
1061 897 1145 952 stare
1166 885 1237 952 loco
1261 888 1408 973 speciosi

276 974 401 1062 pedes⁸
422 977 530 1056 vestri,
554 975 692 1061 speciosi
714 996 773 1059 pro
795 995 834 1038 eo
856 971 944 1059 quod
974 972 1145 1036 currebant
1166 970 1208 1034 ad
1236 971 1407 1056 euangeli-

277 1059 414 1124 zandam
437 1081 562 1144 pacem,
584 1059 789 1145 impatientes
811 1079 900 1122 more
923 1065 955 1121 et
975 1055 1081 1141 ignari
1103 1056 1243 1140 ignavie,
1265 1057 1299 1119 in
1321 1056 1407 1120 ulte-

277 1145 362 1207 riora
383 1143 584 1224 festinarunt,
617 1154 652 1206 ut
679 1143 829 1206 comitem
859 1162 987 1227 quoque
1008 1139 1241 1204 Flandrensem
1268 1149 1300 1205 et
1327 1163 1404 1225 pre-

277 1225 401 1292 dictum
429 1226 662 1292 Lovaniensem
684 1225 801 1290 ducem
811 1238 832 1307 ²,
865 1226 971 1290 virum
1004 1223 1167 1322 quondam
1189 1222 1335 1288 inolitum
1371 1235 1406 1290 et

277 1312 426 1376 comitem
458 1309 626 1393 Dmacbii,
653 1333 738 1375 nuno
770 1318 877 1374 autem
911 1309 977 1373 Dei
1011 1308 1130 1372 1udicio
1163 1307 1275 1372 morbo
1308 1307 1404 1394 lepre

276 1417 477 1493 respersum,
514 1395 635 1492 inique,
673 1403 709 1458 ut
743 1393 892 1480 pluribus
927 1392 1072 1474 videtur,
1095 1392 1326 1457 exheredantes
1369 1403 1405 1458 et

276 1477 455 1562 affligentes
477 1477 519 1543 ab
541 1479 660 1542 iniusta
681 1499 788 1542 rerum
816 1477 901 1542 illius
922 1479 1090 1541 invasione
1112 1486 1286 1541 conventos
1307 1499 1403 1542 revo-

277 1563 402 1627 caretis
448 1562 550 1627 Obliti
570 1583 710 1648 namque
732 1562 828 1628 ambo
850 1563 971 1647 pariter
991 1561 1167 1626 verborum
1188 1561 1287 1626 Ysaie
1315 1608 1401 1630 ....

277 1655 309 1712 et
336 1668 433 1732 super
462 1645 605 1712 dolorem
626 1645 794 1710 vulnerum
823 1647 891 1710 eius
923 1649 984 1709 hoc
1012 1645 1184 1725 addebant,
1215 1656 1252 1708 ut
1280 1667 1323 1709 ex
1351 1646 1402 1710 in-

278 1729 448 1796 commodo
477 1729 562 1795 illius
592 1752 651 1794 sua
672 1730 843 1795 commoda
871 1740 1036 1816 augentes,
1065 1729 1239 1816 spoliatum
1265 1728 1402 1795 faculta-

276 1813 364 1879 tibus
399 1813 577 1896 redituum,
622 1836 702 1900 quos
742 1814 784 1880 ad
826 1814 1069 1879 sustentandam
1114 1813 1302 1898 egritudinis
1339 1837 1401 1879 sue

275 1900 451 1981 miseriam,
462 1897 575 1964 relicto
590 1899 754 1980 comitatu,
770 1898 832 1964 sibi
847 1900 1031 1980 retinuerat,
1054 1907 1202 1983 egentem
1224 1906 1256 1963 et
1268 1921 1402 1982 gemen-

276 1991 342 2048 tem
377 1982 601 2070 relinquerent.
650 1983 717 2047 Vos
754 1992 860 2047 autem
896 1981 1036 2047 mediam
1072 1981 1222 2068 equitatis
1258 1982 1401 2047 tenendo

277 2067 374 2149 viam,
396 2077 433 2132 ut
453 2068 653 2153 requiescere
667 2066 814 2132 faceretis
828 2067 1004 2141 dominum,
1050 2066 1084 2128 ui
1105 2069 1136 2131 in
1154 2065 1306 2131 membris
1330 2069 1401 2131 suis

277 2150 329 2216 vel
361 2161 551 2238 paupertate
583 2150 634 2216 vel
667 2151 850 2216 infirmitate
884 2089 1103 2237 squalentibus
1130 2149 1309 2231 tribulatur,
1343 2151 1403 2236 pia

277 2239 502 2322 compassione
517 2234 673 2300 refecistis
688 2235 817 2318 lassum,
836 2235 1004 2299 iudicastis
1018 2235 1173 2299 iustitiam
1189 2245 1222 2300 et
1236 2236 1402 2321 eripuistis

276 2321 408 2404 inopem
424 2321 463 2384 de
479 2341 578 2383 manu
599 2319 766 2384 fortiorum
789 2321 868 2400 eius,
884 2341 1021 2403 egenum
1045 2328 1077 2384 et
1090 2341 1266 2405 pauperem
1288 2341 1308 2382 a
1324 2319 1402 2384 diri-

277 2403 440 2489 pientibus
474 2426 557 2482 eum,
580 2405 788 2502 ipsorumque
821 2403 1111 2489 calumpniatorum
1143 2403 1338 2468 iniusticiam
1369 2412 1404 2468 et

277 2487 449 2552 elationem
475 2487 589 2551 iudicii
610 2496 767 2573 presentis
796 2496 829 2564 et
849 2488 948 2552 futuri
974 2487 1183 2552 intentatione
1211 2496 1243 2552 et
1270 2487 1403 2553 obiectu

274 2573 410 2637 rationis
432 2582 463 2636 et
484 2571 683 2638 auctoritatis
704 2580 810 2637 vestre
836 2572 979 2658 pondere
1001 2572 1235 2659 compressistis
1258 2580 1290 2638 et
1310 2569 1403 2638 rede·

277 2657 370 2740 gistis
392 2657 426 2718 in
447 2655 668 2744 penitentiam.

738 2848 938 2858 ——a-——-

818 2963 864 3017 1⁷1.

357 3054 519 3108 OLIVERI
535 3054 705 3107 RELATIO
723 3055 780 3108 Du
803 3055 1074 3108 EXPEDITIONE
1091 3054 1325 3109 DAMIATINA.

276 3165 437 3219 RELATIO
464 3167 640 3218 MAGISTRI
666 3167 819 3219 OLIVERI
848 3167 1092 3220 COLONIENSIS
1113 3168 1328 3220 SOOLASTIOI
1347 3169 1403 3220 Du

526 3248 778 3302 EXPEDITIONE
798 3249 1150 3303 IHEROSOLIMITANA.

362 3350 609 3416 Venerabilibus
638 3351 776 3416 dominis
806 3350 1060 3439 archiepiscopo,
1114 3354 1252 3419 rioribus
1281 3365 1313 3419 et
1342 3356 1404 3419 toti

278 3433 364 3499 clero
388 3433 572 3500 Coloniensi
599 3457 711 3500 servus
739 3437 843 3500 crucis
871 3439 1039 3522 empticius
1063 3375 1211 3504 Oliverus
1240 3448 1402 3523 peccator,

278 3519 405 3584 dictush
444 3517 642 3584 Coloniensis
680 3520 881 3601 scolasticus,
919 3522 1017 3586 vitam
1052 3521 1172 3586 bonam
1208 3531 1240 3586 et
1276 3524 1402 3587 exitum

278 3601 414 3668 felicem.
467 3603 627 3670 Letamini
649 3626 723 3668 oum
743 3603 921 3669 Ierusalem
950 3610 982 3671 et
1003 3607 1143 3672 exultate
1172 3608 1205 3671 in
1228 3628 1266 3672 ea
1289 3628 1401 3672 omnes

277 3688 336 3774 qui
368 3686 502 3771 diligitis
532 3709 614 3765 eam,
648 3690 724 3788 quia
755 3690 916 3774 possessio
946 3690 1209 3776 patriarcharum,
1246 3691 1402 3776 alumpna

278 3791 338 3857 pro
364 3771 519 3851 betarum,
559 3772 687 3836 doctrix
720 3772 947 3872 apostolorum,
981 3774 1144 3860 quondam
1177 3774 1287 3854 libera,
1324 3787 1402 3862 post

277 3793 380 3918 muffet
402 3856 549 3940 suspiria,
571 3865 645 3954 post
666 3866 805 3942 gem1tus
823 3870 855 3921 et
869 3857 1017 3944 planctus
1038 3860 1103 3923 iam
1117 3860 1255 3946 respirat
1275 3861 1308 3923 in
1330 3883 1399 3947 spe,

279 3960 345 4026 que
366 3936 472 4002 adhuc
495 3949 625 4024 captrva
652 3950 778 4006 tenetur
806 3942 840 4004 in
861 3965 905 4007 re.
950 3941 1035 4007 Sane
1058 3965 1121 4028 que
1150 3942 1250 4008 oculis
1279 3947 1399 4010 nostris

278 4019 421 4087 vidimus
455 4031 486 4087 et
519 4023 650 4088 auribus
690 4025 875 4089 audivimus
907 4047 946 4091 ac
979 4029 1138 4092 veraciter
1172 4025 1400 4113 intelleximus,

277 4105 374 4171 vobis
396 4104 439 4170 ad
461 4106 609 4172 solatium
632 4107 772 4174 scribere
793 4110 900 4174 visum
921 4111 982 4176 fuit
1002 4110 1088 4176 utile.

277 4249 304 4302 a)
320 4262 354 4300 sp.
371 4253 428 4304 'pdes
444 4264 466 4294 v.
483 4253 582 4302 speciosi
597 4264 616 4295 c.
675 4253 700 4305 b)
715 4255 747 4294 ita
761 4265 780 4297 o.
797 4255 916 4306 dtrtiupatt.

281 4345 310 4413 1)
331 4345 372 4413 Of.
393 4347 532 4400 (disteterit
551 4348 631 4401 Gesta
650 4367 713 4402 com.
733 4350 851 4412 Hauon„
864 4349 922 4424 ¹Sd.
942 4351 1019 4415 XXI,
1035 4369 1065 4418 p.
1088 4352 1141 4402 534
1161 4371 1215 4418 sqq.
1262 4354 1290 4420 2)
1312 4354 1399 4408 Goda-

271 4419 391 4485 fridum,
411 4423 457 4488 qui
477 4439 502 4474 a.
525 4423 604 4474 1183.
624 4423 792 4475 Demetrium
811 4425 951 4480 destruxit.
