2988 5058
301 342 353 393 862
512 341 666 393 MARTINI
687 341 936 394 commemo
958 339 1211 394 COLONIENSIS.

226 535 290 579 rsn.
300 508 489 597 nobilesque
517 507 677 594 aquilonis
702 507 901 610 solempnem
931 513 1053 576 curiam
1080 510 1114 574 in
1142 506 1339 574 Roicst0k¹
1388 507 1477 570 civi-

301 603 388 661 tate¹
405 603 608 744 pereffrunt,
632 593 688 658 ubi
711 601 897 695 etqumque
911 593 1001 658 milia
1022 593 1159 659 militum
1181 595 1290 658 fuisse
1320 613 1475 656 memo-

299 687 420 745 rantur.
518 678 529 741 i
564 677 728 763 principes
764 678 901 764 predrcti
938 676 1135 743 confederati
1177 679 1472 742 insurrexerunt

301 772 411 828 contra
434 763 579 828 civitates
608 761 671 826 sibi
699 762 881 844 attinentes,
911 784 973 849 que
995 762 1197 827 terrestribus
1226 773 1258 828 et
1296 761 1467 826 marinis

300 847 460 912 mercibus
489 856 523 912 et
548 846 831 932 negociacionibus
860 848 1045 928 incrassate,
1078 845 1288 933 locupletata,
1334 846 1464 931 inpin-

322 941 413 1013 wate,
441 929 582 1014 dilatate,
613 931 716 1016 princi
741 929 814 996 ibus
838 930 980 996 debitam
1003 929 1239 996 subieccionem
1266 929 1461 996 exhibere

299 955 566 1081 detractaverunt.
626 1013 692 1080 Sed
718 953 813 1081 lirevi
845 1015 1078 1080 interveniente
1110 1024 1255 1100 tempore
1294 1014 1351 1078 ad
1389 1015 1460 1078 hoc

299 1100 435 1166 adducto
458 1108 542 1182 sunt,
572 1108 609 1164 ut
637 1099 839 1185 principibus
866 1100 934 1164 suis
956 1098 1041 1164 ultra
1069 1097 1224 1164 rebellare
1254 1119 1335 1162 non
1373 1120 1456 1185 pre·

299 1193 469 1250 sumerent.

225 1300 290 1345 1³00.
385 1269 481 1333 Anno
517 1276 622 1332 autem
656 1266 790 1330 Domini
834 1267 924 1332 1300.
965 1266 1208 1332 innumerabilis
1247 1265 1451 1332 multitudo

300 1353 436 1418 Romam
451 1359 603 1437 properat
626 1372 682 1436 spe
704 1349 992 1450 indulgenciam,
1015 1373 1077 1437 que
1095 1374 1161 1422 sem
1187 1374 1222 1416 er
1244 1353 1448 1416 centesimo

300 1447 405 1501 anno²
427 1435 548 1502 ibidem
571 1435 721 1504 existunt.
765 1435 829 1499 Hic
853 1456 980 1522 quoque
1008 1457 1110 1500 annus
1136 1374 1285 1519 iubileus,
1322 1434 1365 1499 id
1394 1445 1447 1499 est

231 1580 236 1589 .
300 1519 506 1602 remissionis,
536 1517 657 1582 idcirco
679 1530 812 1584 vocatus
845 1529 903 1602 est,
936 1529 981 1601 ut,
1017 1521 1200 1606 quicunque
1232 1521 1310 1606 ipso
1348 1539 1444 1583 anno

300 1604 473 1686 confessus,
497 1604 650 1668 contritus
664 1603 801 1668 Romam
823 1603 1000 1686 adveniret,
1022 1625 1042 1666 a
1064 1603 1158 1690 culpa
1180 1612 1212 1669 et
1232 1626 1326 1689 pena
1351 1603 1444 1670 liber
1479 1647 1480 1650 κ

299 1688 382 1754 letus
403 1695 569 1755 remearet.

383 1773 488 1837 Huius
518 1772 621 1836 eciam
653 1772 851 1857 temporibus
879 1771 1064 1836 Bonifacius
1097 1781 1228 1837 octavus
1284 1793 1367 1857 apa,
1406 1772 1440 1834 in

226 1855 429 1926 moacastello
458 1856 599 1943 quodam
632 1853 709 1918 dum
737 1867 965 1939 comoraretur,
998 1877 1018 1919 a
1043 1855 1172 1922 duobus
1202 1795 1437 1920 cardinalibus

299 1940 339 2007 de
373 1935 569 2027 Columpna,
606 1960 687 2026 quos
721 1939 920 2006 cardinalatu
954 1941 1151 2026 privaverat,
1188 1962 1261 2005 cum
1299 1939 1435 2004 auxilio

299 2024 438 2111 Philippi
461 2025 546 2110 regis
569 2024 717 2105 Francia,
747 2046 844 2151 quem
869 2025 1183 2107 excomunicaverat,
1215 2023 1433 2090 cubiculariis

300 2110 456 2195 corruptis
479 2109 603 2197 [captus
626 2117 684 2190 est,
715 2109 777 2197 et]
810 2109 912 2172 omnis
935 2107 1104 2174 thesaurus
1126 2108 1269 2174 eiusdem
1300 2108 1432 2174 ibidem

299 2205 443 2280 repertus
476 2203 525 2258 est
556 2192 747 2258 abstractus.
792 2195 864 2273 Quo
893 2193 1012 2257 nuncio
1041 2193 1143 2258 Rome
1175 2192 1310 2280 perlato,
1349 2215 1431 2257 mox

298 2278 436 2343 Romani
467 2276 509 2341 ad
538 2275 739 2342 liberandum
773 2299 893 2376 papam
920 2276 1182 2362 proficiscuntur;
1216 2299 1313 2363 quem
1351 2299 1427 2342 cum

300 2371 498 2448 egrotantem
524 2361 661 2425 Romam
693 2361 930 2446 perdurassent,
963 2383 1029 2425 non
1060 2361 1161 2426 multo
1194 2371 1267 2448 post
1300 2359 1427 2426 ibidem

299 2447 468 2513 defunctus
484 2453 540 2511 est.
574 2445 710 2510 Fecerat
731 2454 762 2509 et
783 2444 835 2508 hic
850 2466 937 2532 papa
952 2456 1079 2510 sextum
1094 2445 1312 2528 decretalium,
1330 2443 1425 2511 Oele-
1479 2435 1480 2454 ¹

300 2532 381 2597 stino
427 2529 630 2596 redeoessore
653 2551 712 2593 suo
738 2527 861 2615 aliquot
881 2550 982 2594 annos
1004 2529 1110 2594 adhuc
1132 2530 1314 2616 superstite.
1364 2529 1425 2594 Oui

298 2616 387 2681 Bene
411 2616 493 2680 ictus
518 2614 576 2694 XI,
598 2613 696 2678 frater
724 2613 844 2678 ordinis
866 2612 1119 2698 Predicatorum,
1147 2614 1311 2679 successit.
1358 2613 1421 2694 Qui

301 2721 375 2764 cum
408 2719 528 2763 annum
558 2707 591 2761 et
620 2695 717 2783 paulo
745 2697 840 2782 plus⁸
862 2697 1004 2778 sedisset,
1034 2697 1114 2763 obiit
1140 2699 1271 2764 Perusie
1293 2707 1325 2762 et
1347 2707 1420 2762 ante

301 2782 400 2849 altare
422 2780 542 2848 ibidem
566 2779 708 2867 sepultus
731 2791 789 2846 est.
833 2779 895 2846 Oui
915 2781 1187 2868 Burdegalensisc
1209 2781 1419 2868 archiepisco·

227 2890 291 2936 reos.
302 2889 373 2954 pus,
408 2865 463 2952 qui
495 2873 527 2930 et
560 2864 708 2930 Clemens
745 2867 874 2952 quintus
908 2874 956 2930 est
989 2866 1103 2950 dictus,
1139 2867 1304 2932 successit.
1355 2866 1418 2930 Hic

303 2951 447 3016 ordinem
467 2949 724 3036 Templariorum
745 2959 877 3036 propter
904 2950 1080 3015 inauditam
1103 2962 1136 3018 et
1157 2973 1254 3038 quam
1274 2972 1332 3016 nec
1356 2951 1418 3016 dici

301 3035 350 3100 fas
373 3043 421 3100 est
442 3033 606 3098 infamiam
629 3033 817 3098 destruxita

224 3129 225 3132 ’
384 3117 657 3204 Archiepiscopus
679 3116 1008 3205 quoqueWicboldus
1030 3119 1198 3185 ecclesiam
1221 3140 1310 3183 suam
1325 3117 1415 3184 Oolo·

300 3204 453 3287 niensem,
476 3211 587 3288 utpote
602 3204 653 3267 vir
673 3225 772 3268 senex
794 3210 826 3267 et
847 3199 959 3266 debilis
982 3212 1013 3267 et
1033 3203 1129 3288 longo
1153 3214 1295 3289 tempore
1316 3204 1414 3289 magis

302 3288 442 3354 consiliis
478 3296 574 3374 aptus
607 3307 704 3373 quam
732 3286 829 3350 armis
864 3287 1067 3370 exercitatus,
1104 3287 1281 3373 prudencia
1306 3309 1413 3371 regere

301 3373 501 3458 disponebat,
530 3371 671 3437 undeet
698 3369 822 3435 nobiles
851 3378 934 3435 terre
963 3371 1151 3436 muneribus
1180 3371 1241 3436 sibi
1268 3371 1411 3518 placared

301 3458 496 3543 satagebat&
541 3455 606 3520 Sed
630 3477 722 3520 secus
745 3454 871 3536 accidit,
901 3455 986 3540 quia,
1018 3465 1137 3542 quanto
1167 3454 1239 3542 plus
1290 3455 1409 3535 enabat,

301 3551 389 3607 tanto
412 3540 515 3624 magis
536 3538 577 3604 ab
600 3539 662 3604 hiis
685 3538 945 3625 impugnabatur.
990 3539 1086 3620 Quod
1107 3539 1165 3604 ubi
1186 3537 1348 3620 intellexit,
1371 3540 1409 3604 ad

301 3623 545 3691 debellandumf
578 3625 727 3689 comitem
755 3623 794 3687 de
815 3622 941 3703 Marka‚
977 3622 1221 3688 infestissimum
1253 3625 1408 3688 inimicum

302 3823 325 3878 6)
342 3825 487 3864 civitatense.
549 3821 572 3874 b)
590 3826 670 3872 coptus
687 3824 722 3862 est
737 3825 760 3862 et
774 3823 878 3872 supplevi.
940 3821 961 3874 6)
977 3823 1188 3874 Burdsgolenstse.
1250 3821 1273 3874 d)
1293 3824 1379 3874 placere
1393 3836 1407 3865 6.

302 3883 324 3937 6)
341 3883 494 3933 sathagebant
508 3894 524 3926 6.
586 3880 604 3934 t)
620 3881 703 3924 rebell.
718 3892 736 3922 6.

305 4051 332 4119 1)
352 4052 472 4104 Roslock.
549 4050 577 4118 2)
597 4051 641 4102 Ere
661 4051 709 4102 boc
727 4066 832 4116 quoque
852 4050 905 4102 loco
925 4050 1205 4104 chronicamsosaam
1225 4052 1407 4104 aeternalium
1477 4109 1480 4128 ¹

302 4126 435 4178 saeculam
448 4124 526 4176 XIV.
548 4125 716 4190 compositam
737 4140 791 4176 6666
810 4139 959 4191 aequoreas,
979 4125 1043 4190 quia
1063 4143 1087 4177 a.
1102 4127 1181 4176 1350.
1197 4142 1213 4175 o
1228 4123 1349 4177 Clemente
1363 4125 1404 4176 VI.

302 4199 470 4250 coustitutum
489 4207 535 4262 est,
555 4207 584 4250 ut
598 4197 813 4264 quiuquoyesimo
833 4213 934 4263 quoque
954 4215 1025 4250 anuo
1039 4216 1126 4252 annus
1140 4198 1254 4250 iubileus
1268 4199 1406 4250 celebretur.

302 4271 332 4339 3)
351 4272 511 4324 Benedictus
530 4271 580 4323 XI.
605 4279 667 4338 post
694 4287 795 4321 aunum
821 4271 940 4322 nondum
968 4275 1122 4339 completum
1153 4273 1222 4324 diem
1251 4272 1341 4324 clausit
1366 4289 1405 4324 ec·

301 4353 420 4398 tremum.
494 4347 523 4410 4)
542 4346 628 4397 Annis
647 4340 703 4396 scil.
727 4345 807 4397 1311.
826 4351 850 4396 et
871 4345 950 4396 1312.
