2988 5058
207 378 357 430 OLIVERI
375 377 534 428 RELATIO
554 377 604 427 DE
624 377 872 431 EXPEDITIONE
893 377 1106 429 DAMIATINA.
1181 379 1233 428 331

110 553 232 605 evadere
256 558 408 618 potueruut.
453 553 530 604 Sicut
555 553 626 602 enim
652 550 715 602 olim
741 553 852 618 Egyptii
876 555 904 602 in
929 553 1005 618 aquis
1030 553 1234 606 vehementibus
1246 575 1310 616 1218.

109 629 195 678 maris
214 627 299 678 Rubri
318 628 357 677 sic
377 627 406 675 in
424 625 486 676 Nilo
506 625 637 676 submersi
656 631 718 676 sunt
742 626 850 676 circiter
873 625 908 675 ad
934 626 1007 676 mille
1028 629 1234 693 quingentorum

109 717 261 765 numerum,
287 701 358 751 sicut
376 716 393 749 a
412 699 568 750 sarracenis
594 704 689 765 postea
716 698 869 750 didicimus.
908 698 979 749 Sane
1004 701 1033 749 in
1057 701 1126 752 festo
1146 703 1233 752 sancti

109 775 260 835 Demetrii,
294 775 339 839 qui
365 775 448 823 irater
475 773 595 823 uterinus
624 772 697 823 beati
726 773 850 838 Dyonisii
875 772 957 824 inisse
987 773 1098 837 dicitur,
1129 791 1232 825 summo
1245 789 1334 833 oasa.

111 846 234 898 diluculo
254 846 586 912 castruHospitalioruma
604 847 760 896 invaserunt
778 846 869 896 hostes
889 851 916 896 et
935 845 1069 897 modicum
1090 847 1234 914 dampnum

111 922 193 972 nobis
211 922 366 983 inferentes,
391 936 439 986 per
454 919 594 985 expeditos
621 921 725 985 equites
745 925 849 970 nostros
868 920 956 983 fugati
981 920 1097 971 suntad
1116 928 1234 986 pontem,

112 1010 196 1060 quem
227 993 321 1061 procul
349 1009 366 1044 a
391 994 468 1044 uobis
500 995 526 1042 iu
557 993 689 1058 superiori
720 999 795 1058 parte
825 994 939 1044 fluminis
965 1001 1175 1056 construxerant,
1208 1001 1235 1045 et

112 1068 217 1118 ibidem
236 1069 390 1134 interempti
409 1071 471 1118 sunt
497 1065 532 1116 ad
555 1081 694 1116 numerum
721 1068 933 1131 quingentorum,
959 1067 1030 1116 sicut
1054 1083 1071 1117 a
1089 1068 1234 1133 transfugis

111 1140 307 1192 intelleximus.

189 1217 214 1265 7.
233 1217 326 1275 Porro,
353 1216 417 1280 quia
443 1205 540 1263 multib
562 1211 596 1261 de
627 1212 727 1279 populo
754 1213 899 1264 christiano
922 1212 1082 1280 placuerunt
1108 1214 1234 1277 Domino,

111 1303 226 1340 necesse
244 1290 304 1347 fuit,
324 1294 353 1338 ut
372 1288 514 1354 temptatio
533 1287 660 1352 probaret
672 1302 727 1336 eos.
766 1286 846 1336 Ionas
862 1302 909 1352 pro
923 1289 1049 1351 augustia
1065 1290 1235 1354 tempestatis

110 1363 141 1411 in
160 1378 233 1412 mare
260 1364 356 1413 missus
383 1368 410 1412 et
428 1367 521 1411 ventre
545 1361 629 1424 piscis
650 1359 791 1410 conclusus
810 1359 937 1426 probatus
957 1360 1037 1411 rediit
1063 1361 1097 1410 ad
1118 1361 1234 1423 aridam

111 1434 250 1501 apostolus
269 1435 370 1502 triplici
389 1435 530 1499 naufragio
548 1433 689 1484 tribulatus
709 1435 808 1484 evasit:
828 1433 943 1500 populus
962 1433 1081 1496 Domini,
1106 1435 1234 1500 premisso

112 1508 239 1560 triduano
258 1506 369 1573 ieiunio,
397 1507 469 1575 quod
489 1507 576 1557 clerus
601 1507 630 1556 in
655 1522 724 1572 pane
745 1513 772 1556 et
790 1522 863 1573 aqua
882 1509 999 1558 servavit
1019 1507 1187 1571 obedienter,
1209 1513 1236 1559 et

112 1579 205 1633 multis
224 1582 441 1648 processionibus
461 1581 601 1639 ordinatis,
620 1579 637 1630 ri
655 1580 806 1630 venerabili
826 1579 933 1631 domiuo
954 1580 1067 1645 Pelagio
1086 1581 1235 1633 Albauensi

114 1654 252 1722 episcopo,
282 1655 429 1722 apostolice
458 1654 531 1705 sedis
556 1653 658 1717 legato,
686 1655 812 1719 temptari
841 1655 947 1704 meruit.
985 1655 1054 1704 Nam
1083 1657 1111 1704 in
1140 1655 1236 1720 vigilia

112 1726 202 1780 sancti
211 1727 336 1780 Andreae
353 1728 469 1793 apostoli
481 1726 571 1776 media
590 1732 669 1776 nocte
682 1728 865 1776 intumuerunt
877 1727 973 1777 fluctus
988 1729 1068 1778 maris
1082 1734 1234 1780 crescentes
1245 1733 1300 1776 Noc.
1309 1735 1343 1778 29.

115 1807 144 1852 et
163 1817 303 1853 excursum
322 1800 469 1852 terribilem
489 1799 620 1849 iacientes
639 1815 724 1864 usque
738 1799 773 1849 ad
790 1805 879 1850 castra
892 1799 1021 1860 fidelium,
1041 1801 1076 1851 ab
1091 1801 1145 1851 alia
1159 1807 1234 1867 parte

112 1875 229 1926 fluviusc
248 1874 381 1926 inundans
401 1890 449 1925 nos
469 1874 614 1940 occupavit
632 1874 763 1924 incautos.
801 1873 936 1923 Natabaut
955 1877 1078 1934 tentoria,
1098 1877 1236 1940 perierunt

114 1948 227 2010 cibaria,
252 1951 340 2014 pisces
360 1946 483 1999 fluviales
508 1951 536 1996 et
559 1947 655 1996 marini
682 1962 711 1998 se
738 1947 815 2011 quasi
841 1945 925 1996 nichil
950 1948 1075 1998 timentes
1102 1939 1234 2000 cubiculis

112 2022 282 2088 ingerebant,
303 2038 370 2088 quos
389 2021 512 2072 manibus
531 2021 628 2071 nostris
648 2021 777 2086 cepimus,
798 2020 894 2085 quibus
910 2026 1000 2070 tamen
1014 2019 1120 2072 deliciis
1141 2038 1233 2072 carere

113 2094 256 2153 voluimus,
283 2100 310 2146 et
333 2096 386 2146 nisi
404 2093 516 2144 consilio
537 2094 650 2160 Spiritus
670 2094 765 2145 Sancti
784 2099 846 2143 ante
864 2094 1000 2159 provisum
1019 2094 1114 2145 fuisset
1132 2096 1160 2145 in
1179 2095 1233 2146 fos·

113 2174 182 2231 sato,
202 2168 273 2235 quod
293 2175 384 2219 tamen
403 2170 431 2217 in
450 2167 517 2218 alios
531 2183 594 2218 usus
613 2167 714 2218 iactum
733 2168 829 2228 iuerat,
848 2181 921 2216 mare
942 2168 1112 2218 coniunctum
1132 2169 1235 2218 flumini

113 2241 236 2292 homiues
256 2257 316 2292 cum
336 2243 470 2304 iumentis,
496 2257 580 2292 naves
603 2257 663 2292 curu
689 2242 769 2291 armis
790 2248 817 2291 et
836 2239 997 2290 victualibus
1017 2241 1179 2293 detraxisset
1198 2242 1234 2292 ad

113 2314 213 2378 hostes,
242 2331 294 2365 uec
313 2321 402 2365 tamen
427 2315 479 2365 hoc
503 2314 652 2380 periculum
678 2319 821 2364 evaserunt
845 2319 959 2379 quatuor
984 2329 1125 2374 cormones,
1153 2332 1235 2382 super

114 2403 181 2454 quos
202 2388 329 2440 edificata
347 2389 455 2438 fuerunt
475 2387 679 2453 propugnacula
704 2387 739 2438 ad
761 2387 920 2453 capiendam
942 2389 1087 2448 civitatem,
1114 2390 1160 2454 qui
1179 2405 1233 2440 uno

113 2463 217 2528 impetn
237 2479 297 2513 cum
317 2463 411 2528 quinta
430 2464 501 2522 navi,
528 2477 580 2527 que
599 2463 669 2510 inter
694 2477 740 2511 eos
764 2461 885 2520 herebat,
912 2461 946 2510 ad
972 2463 1123 2527 oppositam
1148 2463 1234 2528 ripam

113 2536 142 2585 vi
160 2541 299 2586 ventorum
318 2537 481 2602 precipitati,
500 2541 563 2585 ante
583 2534 676 2585 oculos
696 2540 800 2585 nostros
820 2541 881 2585 sunt
901 2536 963 2598 igne
984 2536 1071 2586 Greco
1093 2536 1233 2587 combusti.

113 2609 239 2674 Pepercit
253 2609 383 2660 Dominus
403 2608 529 2676 operibus
549 2602 719 2659 l'r'resonum(l
739 2613 766 2658 et
784 2608 1019 2671 Theutonicorum,
1038 2610 1134 2674 quibus
1153 2611 1233 2661 turris

115 2687 195 2747 capta
219 2681 320 2744 iuerat3
352 2698 435 2734 naves
463 2684 618 2744 onerariae,
650 2698 702 2748 que
730 2682 758 2731 in
787 2687 865 2747 portu
893 2683 973 2732 maris
1002 2683 1118 2744 stabant,
1149 2686 1233 2749 ruptis

114 2759 226 2820 repente
249 2755 356 2805 funibus
380 2757 524 2820 perierunt.
560 2757 675 2806 Duravit
700 2755 752 2805 hec
777 2760 924 2820 tempestas
953 2771 1002 2820 per
1027 2755 1145 2807 triduum
1170 2773 1233 2808 con·

114 2829 226 2879 tinuum.
264 2829 323 2889 Quo
343 2827 444 2894 elapso,
464 2829 604 2891 Dominus,
631 2831 677 2894 qui
697 2828 851 2879 consolatus
876 2835 917 2879 est
941 2845 990 2879 nos
1013 2830 1042 2879 in
1061 2829 1233 2881 tribulatione

114 2906 215 2962 nostra,
241 2901 383 2966 imperavit
401 2902 488 2952 ventis
514 2908 541 2951 et
565 2903 662 2964 marie,
688 2907 758 2952 stare
783 2903 887 2952 iaciens
906 2903 993 2968 ipsum
1013 2919 1029 2952 a
1047 2903 1152 2955 fervore
1176 2920 1233 2955 suo.

114 2973 218 3024 Invasit
236 2980 360 3039 preterea
379 2973 476 3024 multos
496 2973 530 3024 de
550 2975 669 3024 exercitu
689 2974 804 3039 quedam
817 2977 910 3040 pestis,
931 2981 1024 3026 contra
1044 2993 1123 3042 quam
1135 2978 1234 3043 phisici

114 3046 214 3096 nullam
235 3063 268 3097 ex
286 3053 343 3098 arte
363 3064 412 3099 sua
426 3046 559 3097 medelam
578 3048 699 3097 invenire
714 3052 843 3113 poterant.
882 3047 967 3099 Dolor
979 3052 1134 3115 repentinus
1150 3051 1234 3116 pedes

113 3121 213 3171 invasit
236 3127 263 3171 et
289 3115 393 3184 curras,
420 3128 448 3171 et
474 3122 636 3171 coniunctim
665 3135 727 3170 caro
754 3126 878 3186 corrupta
897 3123 1060 3186 gimgyvasss
1086 3128 1113 3172 et
1139 3122 1233 3175 dentes

115 3194 234 3254 obduxit,
249 3194 410 3245 masticaudi
426 3194 549 3245 auferens
563 3195 718 3261 potentiam.
749 3193 841 3244 Tibiae
858 3210 964 3260 quoque
980 3194 1107 3246 terribilis
1121 3196 1233 3260 nigredo

114 3268 238 3318 fuscavit.
276 3269 312 3318 Et
324 3270 364 3319 sic
374 3267 455 3333 longo
473 3275 561 3318 tractu
574 3267 674 3318 doloris
688 3267 791 3329 afflicti,
810 3267 918 3333 plurimi
932 3283 992 3318 cum
1006 3267 1090 3319 multa
1103 3270 1234 3335 patientia

29 3365 34 3374 ·
115 3343 297 3407 migraverunt
315 3341 351 3391 ad
370 3343 524 3393 Dominum.
563 3340 679 3403 Quidam
705 3347 794 3391 autem
820 3356 906 3406 usque
930 3340 965 3390 ad
990 3347 1096 3407 tempus
1121 3343 1233 3394 vernale

116 3415 250 3477 durantes,
270 3415 397 3466 benefitio
418 3414 515 3466 caloris
534 3413 640 3465 liberati
660 3420 810 3464 evaserunt.

188 3488 214 3538 8.
233 3489 298 3538 Post
310 3489 410 3539 dictam
423 3493 611 3554 tempestatem
625 3503 708 3538 naves
721 3487 885 3552 parabantur
897 3487 933 3538 ad
949 3488 1091 3538 transitum
1103 3489 1231 3552 fluminis;

115 3577 166 3627 que
186 3577 246 3612 cum
266 3577 363 3626 magno
381 3561 501 3628 periculo
520 3577 622 3613 sursum
642 3560 830 3619 ascendentes,
848 3562 918 3611 inter
938 3562 1075 3612 civitatem
1095 3567 1122 3612 et
1134 3567 1233 3613 turrem

114 3639 219 3700 captam
240 3635 371 3686 machinis
391 3641 418 3686 et
439 3637 502 3700 igue
522 3635 610 3687 Greco
637 3650 697 3684 cum
725 3632 821 3684 iaculis
847 3633 988 3700 plurimum
1014 3641 1076 3685 sunt
1100 3634 1231 3700 iupedite.

113 3706 191 3758 Unde
215 3707 325 3770 accidit,
351 3715 380 3759 ut
405 3724 459 3758 una
483 3710 560 3760 navis
578 3707 800 3774 Templariorum,
828 3709 856 3757 vi
880 3709 1007 3757 torrentis
1031 3715 1117 3773 rapta,
1149 3724 1231 3776 prope

114 3781 198 3845 ripam
218 3782 334 3832 civitatis
354 3783 558 3848 precipitaretur
582 3781 617 3832 ad
637 3782 738 3832 hostes.
776 3773 913 3842 Quicum
939 3776 1081 3832 barbadeh
1105 3787 1133 3831 et
1155 3784 1232 3834 uncis

113 3853 206 3904 ferreis
224 3855 310 3920 ipsam
329 3856 546 3921 inpugnaveruut
565 3854 673 3916 diutius,
695 3856 786 3920 ignem
807 3853 922 3905 Grecum
949 3869 1009 3904 cum
1028 3852 1164 3921 lapidibus
1185 3857 1231 3906 de·

112 3942 192 3993 snper
206 3927 239 3976 de
253 3928 367 3978 turribus
383 3930 555 3994 proicientes.
585 3927 641 3980 Sed
655 3944 715 3978 cnm
728 3929 768 3978 sic
781 3926 920 3992 prevalere
934 3942 986 3978 non
1001 3934 1112 3993 possent
1125 3934 1233 3995 propter

115 4000 282 4051 defensorum
306 4000 451 4062 audatiam,
476 4002 597 4052 certatim
623 4004 713 4052 navim
739 4000 926 4064 ascendeutes,
952 4001 1098 4068 precipites
1123 4005 1232 4054 ineam

113 4144 136 4197 a)
151 4147 391 4196 Templariorum
407 4147 433 4188 L.
464 4145 489 4198 b)
505 4159 527 4196 q.
543 4149 661 4189 christiani
677 4148 757 4198 populi
773 4146 895 4186 multitudo
911 4148 961 4187 Deo
976 4145 1070 4196 placere
1085 4147 1234 4199 probabatur,

114 4205 245 4245 huiusmodi
259 4205 353 4255 flagello
370 4207 454 4246 meruit
469 4207 586 4256 castigari.
610 4210 638 4247 lu
653 4208 735 4256 vigilia
750 4207 776 4247 L.
838 4203 976 4254 cidamini·
993 4207 1053 4247 aL.
1114 4206 1137 4256 d)
1155 4206 1192 4246 Fr.
1211 4210 1234 4246 et

114 4265 156 4306 Th.
172 4263 289 4304 laboribus
306 4265 389 4314 quibus
406 4267 430 4304 in
446 4266 561 4314 capienda
577 4268 670 4307 civitate
686 4267 858 4306 desudaverant
873 4265 899 4306 J..
967 4263 990 4316 e)
1007 4275 1037 4305 m.
1055 4268 1078 4305 et
1094 4266 1184 4306 reddita
1199 4270 1235 4306 est

116 4324 225 4363 serenitas
241 4323 267 4363 L.
327 4324 482 4376 olunctnras
498 4325 599 4365 crurium
615 4325 641 4365 L.
702 4324 726 4377 g)
743 4324 851 4376 gragulas
867 4324 893 4366 L.
954 4323 1150 4376 h)barhottis1..
