3122 4978
259 367 448 423 CHRONICA
467 371 581 424 aneta
602 369 854 424 COLONIENSIS.
876 373 979 424 GONT.
998 373 1032 424 Δ.
1054 372 1134 424 1196.
1211 374 1262 423 157

540 545 708 598 Recensio
726 546 752 598 I.
772 554 796 598 et
815 547 858 598 ΙΙ.

140 618 174 676 et
197 608 379 675 Calabriam
402 612 464 678 sibi
485 612 685 698 subiugavit3
709 612 808 677 filiam'
838 635 1022 699 quoquere
1047 615 1073 676 's
1096 612 1262 695 (insciam,

164 716 225 758 uae
247 694 433 760 Taneredo²
455 696 576 762 nubere
599 697 760 775 debuerat,
783 697 874 764 fratri
896 718 953 761 suo
964 697 1024 761 Phi
1038 697 1263 783 'ppouxorem

140 716 231 842 ledit
252 801 326 842 oum
348 789 438 864 parte
462 781 598 865 quadam
623 780 771 867 Apuliae.
820 780 1014 846 Mar1·ooh⁸·³
1043 804 1103 845 rex
1123 781 1264 846 Affricae

140 861 184 928 25
199 864 388 927 summarios
403 885 482 928 suro
498 873 529 930 et
543 863 648 951 lapide
663 867 809 950 precioso
824 867 996 951 multisque
1012 864 1103 930 donis
1115 874 1263 930 oneratos

139 947 322 1033 imperatori
345 948 449 1013 mittit.

225 1031 413 1117 Imperator,
434 1041 471 1096 nt
491 1033 542 1096 vir
562 1032 634 1097 Deo
656 1032 769 1118 plenus
790 1033 932 1099 recolens
954 1033 1099 1097 miserias
1118 1042 1151 1097 et
1165 1033 1264 1119 eapti-

139 1114 276 1180 vitatem
298 1115 543 1180 christianorum
564 1118 598 1180 in
619 1131 703 1180 terra
724 1117 954 1202 promissionis,
976 1117 1018 1180 ad
1043 1116 1264 1182 liberationem

139 1199 212 1263 eius
234 1200 377 1262 animum
398 1199 542 1282 intendit,
566 1200 708 1266 scribens
729 1199 770 1264 sb
786 1200 925 1286 Apuliab
948 1201 1097 1266 omnibus
1111 1201 1145 1264 in
1159 1201 1268 1265 Theu-

139 1283 272 1348 tonica⁰
294 1293 378 1348 terra
400 1285 581 1349 constitutis
602 1285 637 1348 in
658 1284 744 1348 huno
766 1285 913 1350 modum:

227 1368 448 1448 H[einricus]
458 1369 524 1434 Dei
545 1370 865 1455 pratialiomcnus‘i
887 1373 1158 1453 imperatorne
1180 1368 1265 1434 Sici-

139 1450 229 1516 liaee
252 1462 281 1516 et
301 1474 428 1538 semper
443 1463 616 1539 aupustus,
639 1454 764 1518 dilectis
786 1477 825 1517 ac
839 1453 994 1536 fidelibus
1016 1455 1087 1517 suis
1103 1454 1265 1539 archiepi-

139 1537 261 1620 scopis,
292 1537 464 1602 abbatibus
493 1547 521 1602 et
554 1538 762 1604 ecclesiaram
789 1537 929 1623 prelatis
951 1539 1096 1622 pretinm
1119 1560 1215 1602 suam
1236 1547 1266 1602 et

143 1641 235 1685 omne
265 1620 392 1685 bonum.
432 1622 647 1687 Universitati
667 1631 792 1687 uestrae
815 1622 971 1686 ducimus
994 1623 1025 1685 si
1048 1620 1265 1703 nificandum,

141 1705 240 1852 guod,
258 1726 323 1790 per
344 1707 490 1791 pratiam
511 1707 578 1770 Dei
598 1728 699 1791 repno
713 1706 851 1771 Siciliae
873 1706 966 1770 nobis
988 1645 1163 1791 salispato
1178 1715 1208 1770 et
1228 1707 1266 1769 in

164 1811 262 1852 onum
290 1797 410 1854 statum
435 1791 578 1871 redacto,
608 1791 655 1854 ed
684 1791 836 1854 bonorem
866 1791 936 1854 eius
965 1792 1024 1873 qui
1044 1790 1183 1854 brachia
1204 1811 1276 1856 sua.

142 1874 287 1937 entendit
307 1875 344 1937 in
368 1897 493 1938 crucem
510 1897 576 1958 pro
591 1875 684 1938 nobis
699 1874 894 1954 immolatus,
909 1867 1267 1938 recolentefmiseriem

131 1967 173 2032 ,ct
208 1959 398 2044 enpustias,
436 1981 520 2043 quae
553 1968 643 2022 terra
671 1959 905 2042 promissionis
935 1957 1099 2040 peccatisr
1129 1960 1266 2042 estipen-

143 2041 230 2126 tibus
252 2041 393 2122 feritate
417 2065 633 2128 papauerum
660 2041 908 2106 intolerabiliter
929 2063 1088 2125 oppressa
1118 2043 1265 2122 sustinet,

142 2127 180 2191 in
209 2123 380 2210 sollempni
407 2129 505 2190 curia
535 2126 629 2212 apud
664 2126 794 2190 Rarum
827 2129 864 2189 in
889 2125 978 2208 festo
1015 2126 1265 2188 resurrectionis
1274 2142 1331 2194 aar.
1348 2145 1369 2188 a

142 2209 282 2274 Domini
315 2207 475 2275 celebrata
512 2233 577 2295 pro
612 2210 830 2294 redemptione
863 2209 1003 2272 eiusdem
1037 2217 1144 2271 terrae
1179 2206 1267 2272 mille

143 2295 339 2379 quinpentos
361 2292 477 2359 milites
500 2304 528 2357 et
548 2294 678 2358 totidem
699 2301 904 2380 serpentes&
926 2295 964 2356 in
979 2294 1131 2376 carpensis
1146 2293 1269 2356 nostris

146 2401 169 2441 a
191 2379 321 2442 Marcio
343 2401 446 2464 usque
468 2380 514 2442 ad
537 2401 663 2442 anniam
685 2379 904 2442 transmittere
925 2377 1136 2457 decrevimus,
1158 2385 1188 2440 et
1209 2377 1269 2440 laec

144 2460 318 2546 manifeste
340 2463 583 2547 spopondimus,
605 2464 723 2526 unicui
744 2484 783 2526 ue
805 2459 904 2526 militi
925 2460 967 2524 30
988 2462 1109 2524 sencias
1137 2462 1215 2525 anri
1240 2469 1270 2523 et

145 2554 275 2610 tantum
289 2569 445 2612 annonae
460 2569 544 2633 quae
559 2548 589 2610 ei
605 2546 699 2611 crem¹¹
714 2486 840 2610 dnobus
856 2545 1069 2610 seruientibus
1091 2545 1136 2609 ad
1149 2547 1270 2609 uictum

145 2632 248 2694 unius
271 2634 356 2695 anni
371 2639 479 2716 potest
499 2631 650 2714 sufficere
672 2639 701 2693 et
723 2639 883 2716 serpente
915 2630 954 2693 10
984 2631 1104 2694 uncias
1134 2630 1213 2692 auri
1242 2638 1272 2692 et

146 2721 274 2778 tantum
297 2737 450 2779 annonae
473 2716 609 2800 quaesi
636 2715 683 2778 ad
705 2737 831 2779 annam
857 2712 999 2797 sufficiet
1026 2713 1152 2778 daturi.
1211 2713 1268 2777 Pe-

145 2798 282 2862 cuniam
303 2821 378 2862 uero
400 2799 594 2884 ubicumque
615 2821 716 2864 naues
731 2798 906 2862 ascendent
919 2801 966 2863 eis
981 2797 1142 2878 dabimus,
1165 2820 1269 2862 anno-

145 2905 226 2946 nam
254 2893 361 2946 autem
387 2883 519 2948 traduci
542 2881 712 2967 faciemus
740 2891 768 2945 et
795 2904 835 2947 en
867 2881 927 2946 illa
947 2891 1051 3028 plara
1078 2884 1183 2946 maris
1215 2881 1272 2945 ubi

985 2989 994 3028 ι

146 2989 248 3032 naves
278 2966 502 3068 applicuerint
533 2969 579 3030 eis
604 2966 876 3051 presentebimus.
997 2964 1068 3030 lites
1096 2967 1208 3048 itaque
1242 2973 1272 3028 et

145 3061 300 3137 serpenti
322 3051 481 3114 iurabant
503 3050 631 3115 obedire
645 3049 706 3132 illi,
722 3073 814 3136 quem
828 3051 1023 3135 mapistrum
1037 3051 1084 3114 eis
1101 3073 1139 3113 ac
1155 3049 1268 3113 ducem

146 3136 386 3216 constituemus,
416 3144 445 3200 et
464 3158 530 3221 per
559 3135 686 3199 annum
712 3144 799 3197 stare
828 3135 865 3196 in
895 3135 1026 3198 seruitio
1056 3134 1131 3196 Dei.
1175 3133 1269 3197 Etsi

148 3217 290 3304 aliquem
312 3240 422 3282 eornm
448 3240 489 3282 esc
511 3218 582 3283 lroci
604 3217 726 3283 mundo
747 3220 895 3303 miprare
914 3217 1096 3301 contiperit,
1113 3217 1271 3301 quicquid

147 3302 187 3365 de
207 3305 353 3386 pecunia
380 3303 429 3366 uel
457 3325 594 3367 annona
621 3304 651 3367 ei
683 3302 766 3366 data
787 3299 964 3385 reliquerit,
988 3299 1074 3364 nulli
1096 3302 1271 3385 assipnare

141 3389 274 3470 poterit,
296 3387 353 3451 sed
373 3409 440 3471 pro
467 3386 604 3451 consilio
631 3388 866 3472 mapistrornm
894 3406 933 3447 cc
962 3384 1081 3447 ducum
1109 3385 1271 3447 eucrcitus

148 3469 220 3551 alii,
242 3471 301 3555 qui
322 3473 423 3535 uicem
444 3473 514 3534 cius
537 3470 696 3555 compleat
717 3479 746 3532 et
761 3491 829 3554 pro
851 3469 924 3553 ipso
954 3468 1087 3548 serviat,
1116 3468 1270 3551 assipna·

147 3554 245 3619 bitur.
305 3556 509 3619 Mandemus
539 3557 645 3641 ipitur
665 3554 875 3618 universitati
896 3553 1024 3615 uestrae
1043 3559 1214 3636 repentes,
1236 3559 1272 3614 nt

148 3639 236 3702 banc
258 3638 455 3702 voluntatem
481 3648 627 3703 nostram
655 3637 814 3703 militibus
843 3644 872 3701 et
900 3635 992 3699 bonis
1021 3635 1207 3699 bominibus
1235 3637 1272 3698 in

146 3723 278 3810 dyocesi
298 3733 407 3786 vestre
429 3726 617 3788 constitutis
632 3724 806 3786 insinuare
822 3720 952 3801 curetis,
974 3728 1020 3800 ut,
1036 3721 1067 3783 si
1088 3720 1147 3805 qui
1161 3740 1272 3783 eorum

149 3807 195 3870 ad
215 3807 469 3892 propulsandas
500 3808 648 3872 iniurias
680 3806 807 3872 Christo
834 3814 864 3870 et
890 3805 1128 3868 christianitati
1159 3802 1273 3868 illotas
1350 3861 1353 3867 ,

147 3892 306 3956 instinctu
328 3890 443 3955 divino
465 3893 514 3956 ire
535 3891 707 3972 voluerint,
728 3891 765 3954 in
783 3912 825 3952 ra
841 3889 1014 3952 terminum
1023 3888 1211 3972 predictum
1227 3888 1273 3951 ad

148 3977 212 4039 iter
234 3997 267 4038 se
285 3984 478 4060 preparent.
525 3975 651 4038 Datum
679 3997 748 4059 epu
802 3974 948 4038 liranum
975 3972 1005 4035 2.
1027 3973 1109 4036 Idus
1130 3971 1272 4055 Aprilis.
1284 3990 1340 4040 aar.
1361 3990 1393 4032 ra.

149 4099 172 4152 s)
189 4101 295 4141 Marcoht
310 4103 355 4142 01.
385 4099 505 4151 mapalis
521 4102 562 4142 01.
594 4099 802 4151 c)Touthon.A2.
833 4097 1273 4151 dlltoffi.A2;Romanorntt.1¹'r.

150 4158 172 4211 e)
190 4160 273 4201 cicilie
289 4161 333 4202 02.
370 4160 518 4210 Opoeterts
534 4169 571 4199 ex.
588 4159 615 4198 B.
632 4161 654 4200 0.
714 4158 738 4212 g>
754 4162 875 4208 sergentes
891 4159 934 4200 01.
1014 4153 1038 4207 h)
1053 4167 1105 4196 eum
1122 4177 1149 4187 «-
1165 4165 1273 4196 annonae

151 4229 211 4268 quas
228 4221 250 4261 el
265 4221 341 4259 desum
357 4219 384 4259 Β.
402 4221 424 4261 0,
486 4217 503 4269 i)
529 4220 583 4258 deest
600 4219 646 4259 02.

152 4312 181 4380 1)
201 4313 308 4365 Irenen.
384 4315 413 4380 2)
438 4313 571 4365 Teneredi
581 4311 653 4380 filio.
729 4311 759 4378 3)
779 4311 904 4365 Fortasse
922 4327 970 4364 rea
982 4311 1160 4364 Maroccenus
1178 4309 1274 4362 intelli·

149 4386 254 4455 pendas
273 4395 319 4438 est.
340 4385 398 4440 PL.
