3122 4978
165 398 353 451 OHRONIOA
367 398 480 452 suffla
495 397 748 452 concursusls.
768 399 872 453 CONT.
881 401 919 452 11.
938 401 971 454 A.
984 402 1064 454 1210.
1077 403 1156 458 1211.
1196 403 1248 454 187

127 565 270 664 undique
301 566 482 653 perfossam
514 567 642 634 demum
670 567 894 634 miserabiliter
921 569 1117 639 occiderunt.
1166 571 1335 656 1161616111

12 715 18 726 ,
127 659 195 714 tam
216 649 390 716 mhumano
413 651 523 717 audito
546 651 676 734 scelere,
703 652 830 718 stimulo
853 651 972 719 doloris
993 654 1191 721 vehementis
1213 658 1247 721 in

127 733 268 800 furorem
291 745 323 802 61
344 737 379 799 in
400 736 482 798 iram
508 737 732 819 exardescens,
759 737 855 802 huius
883 739 1026 803 criminis
1055 760 1120 804 non
1143 739 1247 805 solum

129 827 293 901 auctores,
326 819 385 884 sed
412 831 443 884 et
470 821 612 886 fautores
635 821 872 907 conprehensos
906 822 1028 886 crudeli
1068 835 1100 889 et
1136 845 1247 890 amara

127 911 230 968 morte
252 905 435 969 consumsit

177 1063 182 1074 ,
213 985 394 1052 Salatinus⁸
416 1010 475 1053 rex
491 987 659 1055 Babilonie
681 988 775 1074 obiit,
798 991 889 1055 cuius
910 990 1009 1055 frater
1030 989 1344 1090 saphatinusunsn

128 1092 203 1135 cum
234 1093 369 1157 regnum
398 1071 621 1138 Babilonicum
657 1073 729 1138 loco
761 1097 802 1140 ne
828 1083 916 1139 otum
948 1075 1249 1141 ammimstrandum

127 1155 332 1241 suscepisset,
345 1158 448 1244 vquasi
465 1158 512 1222 rei
526 1156 655 1243 publice
669 1097 859 1223 111111161111116
875 1157 1054 1242 consulens,
1077 1159 1247 1246 nepotibus

127 1237 201 1302 dolo
216 1239 362 1338 repulsis,
389 1263 427 1307 eo
444 1243 530 1328 quod
546 1251 629 1307 61616
639 1241 760 1390 puerili
774 1244 881 1307 minus
896 1241 1089 1324 sufficerent,
1111 1266 1248 1330 regnum

126 1321 189 1386 sibi
208 1323 314 1389 tahter
328 1327 511 1424 usurpavit,
533 1326 618 1390 unde
663 1323 723 1391 ello
745 1329 823 1392 satis
845 1328 938 1413 gravi
959 1348 1029 1392 sese
1047 1326 1248 1410 lacessentes,

125 1427 241 1492 pacem
256 1430 330 1474 cum
348 1410 528 1476 obustianis
543 1410 584 1474 ad
598 1411 618 1474 6
633 1433 734 1476 annos
749 1410 809 1476 sub
824 1411 1031 1475 iurisiurandi
1045 1422 1247 1477 sacramento

126 1493 427 1577 confirmaverunv,
442 1495 488 1564 ita
500 1504 537 1559 ut
550 1495 721 1596 utrimque,
738 1515 1031 1582 quorsumcumque
1046 1495 1249 1562 commeandi

124 1578 298 1642 necessitas
320 1588 480 1664 urgueret,
502 1600 663 1644 commum
681 1578 828 1647 libertate
849 1580 1036 1665 potirentur.

364 1681 459 1745 Anno
481 1681 642 1746 dominice
663 1683 891 1748 incarnationis
916 1682 1006 1748 1211.

210 1765 355 1850 contigit,
392 1765 478 1852 quod
511 1769 666 1852 sequitur.
722 1765 806 1832 Oum
842 1765 1002 1830 diabolica
1037 1767 1246 1852 persuasione

126 1867 238 1910 eorum
272 1851 329 1934 qui
357 1849 495 1936 Beggini
523 1849 716 1915 dicebantur
745 1848 935 1915 execrabilis
964 1850 1108 1914 doctrine
1138 1871 1247 1914 semen

125 1930 282 2015 paulatim
302 1933 464 2020 irreperet,
494 1945 526 2000 61
546 1938 611 2000 iam
632 1935 667 1998 in
696 1934 804 2020 plures
833 1933 1107 1999 transfunderetur
1135 1955 1247 1998 eorum

125 2017 331 2162 perversitas,
355 2018 486 2117 quidam
508 2020 661 2104 magister
682 2018 838 2085 Radulfus
861 2018 901 2083 de
922 2017 1078 2100 Namuco,
1100 2017 1150 2081 vir
1171 2039 1246 2103 pru-

149 2121 205 2163 ens
227 2108 259 2164 et
279 2100 456 2188 religrosus,
479 2103 685 2167 considerans
706 2112 830 2168 tantum
851 2101 1052 2189 periculumb
1073 2101 1247 2165 universali

125 2183 294 2248 imminere
315 2185 459 2269 ecclesie,
490 2186 532 2250 ad
557 2187 815 2286 investigandam
843 2185 968 2272 plenius
997 2206 1107 2249 eorum
1135 2187 1246 2270 nequi-

127 2266 207 2330 tiam
222 2279 253 2333 et
268 2269 310 2334 ad
325 2292 380 2335 eos
396 2272 643 2352 convincendos,
666 2293 693 2335 61
708 2292 839 2336 11666666
854 2279 948 2352 esset,
970 2268 1131 2356 quendam
1142 2290 1244 2334 sacer-

127 2350 244 2434 dotem,
267 2353 307 2418 de
329 2357 422 2419 ouius
436 2357 503 2420 vita
517 2355 693 2441 plurimum
706 2353 920 2441 presumebat,
943 2375 1052 2418 secum
1067 2374 1244 2429 assumens,

125 2434 169 2498 ad
196 2457 251 2500 eos
279 2440 376 2521 venit,
405 2449 568 2522 attestans,
607 2461 718 2504 eorum
752 2450 838 2504 secte
868 2461 902 2504 se
929 2437 1011 2504 velle
1063 2437 1244 2524 artioipare.

125 2517 172 2582 Ut
197 2520 305 2607 itaque
333 2524 396 2609 ipsi
422 2523 556 2588 heretici
582 2523 623 2588 de
648 2523 804 2609 magistro
830 2521 993 2611 R[adulfo]
1024 2460 1118 2608 piene
1149 2521 1246 2585 confi-

125 2602 238 2668 derent
268 2607 394 2695 ipsique
426 2629 481 2674 eos
511 2607 551 2674 de
584 2631 618 2673 se
651 2611 802 2672 certiores
834 2606 1014 2688 redderent,
1051 2606 1245 2693 quandoque

125 2685 218 2751 vultu
239 2687 362 2755 elevato
384 2714 419 2756 se
441 2692 556 2777 spiritu
576 2693 610 2754 in
624 2690 730 2756 celum
749 2702 879 2777 raptum
894 2689 1065 2756 simulabat
1087 2700 1119 2756 et
1132 2700 1245 2776 postea

126 2769 235 2858 aliqua
250 2795 313 2860 que
328 2798 362 2840 se
376 2775 496 2840 vidisse
511 2774 640 2840 dicebat
653 2778 687 2839 in
703 2775 935 2840 conventiculis
950 2797 1060 2839 eorum
1076 2772 1245 2840 enarrabat

124 2864 158 2920 61
180 2856 308 2940 publice
330 2881 439 2925 eorum
462 2859 570 2934 fidem,
592 2860 691 2923 immo
712 2858 943 2941 infidelitatem,
966 2859 1006 2922 de
1028 2858 1080 2923 die
1102 2861 1136 2922 in
1157 2858 1244 2923 diem

126 2961 160 3004 se
175 2942 414 3025 predicatorum
429 2943 618 3042 spondebat.
655 2943 801 3008 Tandem
816 2965 889 3008 oum
904 2943 1007 3007 omnis
1022 2965 1111 3008 error
1132 2965 1244 3007 eorum

124 3025 156 3088 61
176 3025 318 3108 perfecte
339 3029 537 3109 innotursset,
570 3027 612 3092 611
634 3027 822 3113 episcopum
844 3028 1077 3091 Parisiensem³
1103 3028 1192 3092 venit
1213 3035 1245 3091 et

126 3128 190 3194 que
219 3111 260 3175 ab
293 3112 339 3175 eis
367 3111 514 3177 audierat
545 3134 604 3197 per
632 3111 778 3176 ordinem
809 3111 978 3175 enarravit
1023 3111 1096 3191 Quo
1123 3110 1242 3192 audit0,

124 3191 289 3276 predictus
310 3196 501 3261 Parisiensis
522 3198 704 3282 episcopus,
735 3195 828 3294 quasi
849 3193 946 3258 11116111
968 3215 1077 3258 eorum
1100 3193 1243 3258 defensa-

123 3284 224 3359 turus,
253 3301 312 3363 per
338 3281 522 3366 provincias
551 3301 609 3366 pro
632 3280 678 3344 eis
705 3279 800 3361 mrsit,
829 3299 890 3342 con
930 3302 947 3343 e
970 3298 1092 3364 ansque
1119 3278 1243 3342 vicinos

123 3361 296 3448 episcopos
318 3374 350 3428 et
371 3365 543 3451 magistros
565 3363 741 3462 theologos,
765 3363 843 3428 satis
865 3385 903 3426 su
926 3300 1023 3426 1111161
1045 3381 1100 3425 666
1124 3361 1245 3425 exami-

123 3446 223 3509 navit.
267 3448 414 3528 Quorum
442 3448 574 3536 quidam
602 3448 770 3512 manifeste
798 3467 937 3512 errorem
966 3467 1060 3509 suum
1087 3453 1243 3531 protesta-

123 3525 250 3613 bantur,
278 3530 410 3618 quidam
431 3531 553 3598 resilire
575 3534 691 3614 conati,
720 3553 793 3596 cum
821 3529 976 3611 viderent,
1005 3552 1039 3594 se
1060 3550 1126 3594 non
1147 3549 1244 3616 posse

123 3612 270 3697 evadere,
308 3617 593 3702 erubescerentque
625 3617 782 3694 convinci,
816 3616 843 3679 si
872 3623 1035 3701 negarent,
1069 3635 1143 3678 cum
1169 3611 1243 3676 aliis

122 3696 252 3764 stabant
282 3702 317 3765 in
344 3702 458 3766 eadem
486 3701 670 3787 pertinacia,
699 3722 758 3766 nec
784 3697 956 3785 negabant.
1000 3698 1105 3763 Tanta
1132 3695 1244 3762 audita

122 3941 147 3995 a)
161 3942 282 3984 Palatinus
299 3941 346 3982 Aa.
406 3939 430 3992 b)
447 3941 564 3991 piaculum
580 3938 628 3980 At.

123 4145 153 4213 1)
172 4143 383 4199 Maur-ectasi
397 4143 570 4212 Say-addin,
590 4144 693 4210 dequo
713 4145 748 4206 of.
771 4141 879 4206 Wlloen,
899 4140 1070 4208 ‘Kream'tye’
1097 4142 1144 4205 Vl,
1160 4159 1191 4208 p.
1214 4141 1243 4194 1.

122 4218 153 4286 2)
171 4219 233 4271 Poe
244 4220 365 4270 161207.
384 4219 414 4270 ia
432 4228 484 4270 tres
504 4226 683 4284 6666666616
702 4216 1000 4277 6.1210.1666661111,·
1018 4214 1172 4281 6111111166
1191 4215 1243 4267 11.

119 4310 152 4359 1).
173 4295 217 4346 bb.
237 4293 280 4342 66.
355 4292 386 4356 3)
405 4292 523 4346 Petrum.
