3126 4976
352 409 539 464 uncorum
558 411 671 463 nnsis
691 413 935 466 conou1n1vs1s
954 403 1088 467 atreo.
1247 418 1281 468 ar

525 585 692 638 Beceaaio
713 587 738 640 I.
759 588 851 640 codd.
872 589 905 640 A.
984 590 987 597 '

153 692 224 735 sese
245 692 311 734 una
333 692 407 734 cum
419 672 508 750 ,urbe
531 671 686 737 deditioni
707 673 792 758 regis
814 672 1014 739 tradiderunt
1029 678 1064 738 in
1077 675 1177 741 natali
1192 697 1281 740 sano·
1293 696 1343 736 aa.
1356 697 1390 738 as.

153 765 260 820 torum
282 755 505 820 Innocentum.
548 755 679 821 Coniux
701 757 792 822 ducis
814 757 982 840 Friderici,
1006 781 1069 845 que
1091 761 1216 826 civibus
1240 759 1282 824 ad

154 837 311 904 solacium
332 861 353 903 a
375 838 457 904 duce
478 839 562 904 infra
583 841 697 906 urbem
719 841 830 906 relicta
850 841 962 925 fuerat,
985 844 1069 909 fame
1093 854 1124 910 et
1137 843 1281 910 nuditate

154 925 274 989 acriter
295 923 425 1006 afflicta,
448 945 468 986 a
496 947 572 1010 rege
595 925 747 1010 Liutgero
776 924 939 1010 regalibus
967 926 1059 992 donis
1087 926 1282 994 liberalitera

154 1007 266 1090 ditata,
290 1030 364 1072 cum
386 1010 452 1072 suis
476 1008 633 1074 discessit.
676 1011 748 1074 Rex
772 1021 880 1074 autem
909 1033 984 1076 cum
1014 1013 1080 1077 suis
1108 1013 1281 1099 ingressus,

155 1091 373 1178 epyphaniam
395 1093 530 1178 Domini
550 1093 634 1158 infra
655 1094 768 1159 urbem
791 1103 963 1160 coronatus
985 1094 1135 1161 celebrat.
1204 1098 1281 1162 Tre·
1291 1123 1340 1166 raa.
1350 1127 1371 1166 c.

153 1177 296 1242 verensis
318 1177 490 1263 episcopus
514 1187 625 1242 contra
646 1201 756 1264 regem
779 1179 929 1262 sentiens,
956 1202 994 1245 eo
1015 1180 1196 1248 inconsulto
1218 1183 1280 1247 Ro·

154 1283 240 1324 mam
261 1260 374 1343 tendit,
396 1263 481 1346 regis
504 1284 634 1326 oausam
656 1263 743 1349 apud
765 1262 919 1328 domnum
934 1263 1150 1350 apostolicum
1165 1266 1281 1331 distur-

153 1346 240 1410 bare.
286 1345 343 1410 Set
368 1346 401 1409 in
430 1349 502 1432 ipso
529 1347 643 1411 itinere
671 1369 691 1410 a
713 1346 896 1429 Ouonrad0,
925 1349 977 1412 cui
1005 1349 1144 1432 favebat,
1174 1348 1280 1415 emulo

153 1431 249 1515 regis,
272 1431 353 1494 miro
369 1430 433 1494 Dei
455 1429 575 1495 iudicio
598 1433 726 1518 capitur
747 1442 779 1496 et
800 1433 833 1496 in
855 1433 982 1498 vincula
997 1435 1154 1499 conicitur
1170 1433 1280 1521 ibique

152 1513 187 1577 in
209 1514 396 1598 captivitate
420 1523 514 1580 morit
555 1565 561 1579 .

227 1598 391 1662 Honorius
419 1619 506 1685 papa
535 1597 630 1680 obiit,
664 1600 718 1663 cui
744 1600 953 1666 Innocentius
983 1603 1147 1666 successit.
1201 1603 1281 1668 Post

153 1683 246 1746 cuius
269 1684 527 1748 constitutionem
550 1683 673 1768 aliquot
702 1683 819 1768 elapsis
847 1685 971 1766 diebus,
1002 1685 1133 1772 quidam
1155 1685 1279 1769 Petrus,

154 1767 209 1852 qui
232 1776 263 1831 et
278 1766 462 1850 Anacletus,
484 1767 569 1832 filius
583 1766 803 1851 Petrileonisb,
827 1771 882 1856 qui
902 1780 1055 1855 papatum
1070 1768 1180 1835 multis
1193 1781 1278 1835 retro

151 1849 352 1936 temporibus
387 1852 610 1934 affectaverat,
645 1851 775 1916 militari
812 1875 909 1916 manu
943 1875 1030 1940 papa
1065 1853 1278 1935 substituitur,

152 1934 371 1999 annitentibus
408 1936 601 2023 quibusdam
638 1935 855 2002 cardinalibus
890 1939 1003 2002 timore
1039 1939 1143 2023 magis
1181 1960 1278 2024 quam

151 2016 342 2105 voluntarie.

139 2107 141 2112 ’
225 2104 298 2168 Rex
319 2103 441 2189 pascha
457 2103 642 2169 Goslariae¹
666 2104 815 2178 celebrat,
839 2113 1048 2190 pentecosten
1067 2126 1143 2170 vero
1159 2105 1401 2186 Quide-Mareso.

151 2187 331 2273 lingeburg.
368 2185 509 2269 Quidam
531 2190 693 2275 principes
714 2190 797 2253 inter
819 2212 853 2254 se
869 2188 1059 2254 dissidentes
1081 2190 1127 2255 ibi
1145 2191 1180 2253 in
1203 2188 1341 2254 con-Mai·
1354 2191 1389 2230 ¹⁸·

152 2271 294 2336 cordiam
306 2271 449 2337 redeunt.
476 2273 667 2359 Norinberg,
681 2273 794 2338 urbem
806 2274 1064 2356 munitissimam,
1077 2295 1172 2362 quam
1185 2295 1278 2360 supe-

151 2357 228 2420 riori
251 2379 335 2421 anno
358 2356 537 2440 obsederat,
559 2381 618 2422 rex
640 2361 672 2421 in
696 2357 890 2423 deditionem
913 2379 989 2423 acce
1013 2359 1049 2422 it.
1118 2358 1277 2422 Burchar-

150 2439 211 2505 dus
233 2439 273 2504 de
289 2441 409 2524 Lucca,
431 2442 554 2506 amicus
576 2443 672 2528 regis,
694 2443 729 2505 in
750 2442 908 2508 cimiterio
930 2381 1085 2508 ecclisie⁰
1108 2442 1275 2524 occiditur,

149 2525 239 2588 iussu
260 2534 296 2589 ut
316 2525 432 2590 dicitur
447 2525 638 2590 Herimanni
658 2527 784 2592 comitis
800 2528 840 2592 de
857 2527 1094 2613 Winceburgl·
1117 2524 1203 2590 unde
1218 2549 1276 2590 rex

149 2631 215 2673 non
237 2610 370 2672 minima
391 2610 524 2674 affectus
546 2611 645 2674 animi
666 2611 810 2692 tristicia,
832 2610 955 2677 scilicet
981 2619 1047 2676 tarn
1077 2574 1117 2675 de
1144 2611 1276 2675 interitu

149 2693 246 2756 amici
280 2715 375 2779 quam
408 2695 448 2758 de
481 2705 664 2780 perpetrata
694 2695 872 2778 iniusticia,
904 2695 1084 2782 predictum
1114 2705 1275 2760 castrum²

150 2776 319 2842 obsidione
341 2778 528 2844 circumdat.

489 2924 652 2976 Beceasio
673 2923 714 2974 ΙΙ.
735 2924 828 2976 codd.
849 2925 883 2975 B.
905 2923 932 2976 0.

222 3015 356 3067 Honorius
384 3032 455 3084 papa
487 3017 586 3080 obiit03
620 3018 664 3066 cui
694 3018 868 3069 Innocentius
900 3016 1074 3069 secundus
1107 3016 1273 3081 succedit,

152 3082 239 3167 [quis
258 3091 313 3146 et&
327 3081 535 3172 Gregorius}

221 3173 347 3223 Eodem
372 3180 525 3241 tempore
551 3169 742 3225 constituiturll
769 3180 802 3224 et
828 3173 933 3236 alius,
958 3173 1067 3234 Petrus,
1091 3172 1162 3224 filius
1186 3174 1272 3224 Petri·

147 3239 257 3315 leonisl,
289 3241 513 3304 etltnacletus
540 3253 718 3304 secundus
750 3259 913 3304 vocatur.
973 3239 1046 3304 Hac
1074 3238 1274 3304 dissensione

147 3322 356 3389 Innocentius
370 3325 491 3390 Roma¹
514 3324 679 3411 expulsus,
702 3324 744 3390 ad
765 3347 874 3410 regem
895 3324 930 3386 in
946 3322 1052 3387 Gallia
1074 3345 1108 3388 se
1129 3323 1274 3405 contidit,

148 3417 208 3472 etm
236 3409 307 3494 ipso
337 3420 497 3473 annuente
528 3411 617 3474 vices
646 3407 840 3496 apostolicas
868 3407 941 3471 his¹¹
968 3408 1001 3470 in
1030 3407 1178 3492 partibus
1210 3407 1274 3472 sibi

147 3491 340 3558 vendicavit.
385 3493 537 3558 Ceterum
559 3516 601 3558 ex
622 3491 676 3557 illa
698 3503 789 3580 parte
811 3490 944 3579 Alpium
967 3503 1101 3555 omnes⁰
1116 3487 1272 3556 Anacleto

146 3574 307 3642 favebant.
329 3578 450 3644 Verum
462 3579 693 3644 Innocentiusl’
708 3579 794 3662 regis
810 3587 843 3642 et
857 3577 1047 3664 optimatum
1062 3577 1154 3660 regni
1168 3597 1274 3640 corro-

146 3657 302 3726 boratuss
325 3661 457 3745 auxilio,
481 3684 522 3726 ex
542 3661 603 3726 hac
622 3673 714 3747 parte
734 3661 866 3760 Alpium
888 3670 1026 3747 quatuor
1046 3659 1138 3724 annis
1161 3681 1272 3744 agens,

149 3743 284 3809 concilia
306 3749 525 3832 congregavit,
546 3746 676 3811 decreta
697 3755 817 3826 staturt,
843 3746 1013 3832 episcopos
1042 3744 1212 3826 ordinavit,
1241 3754 1273 3810 et

149 3831 258 3894 omnia
280 3853 343 3916 que
365 3831 443 3897 iuris
465 3828 634 3916 apostolici
657 3840 764 3896 erant?
783 3828 884 3896 libere
907 3832 983 3916 egit.

115 4027 170 4080 ⁴s)
186 4031 242 4070 deese
258 4030 307 4070 Ar.
368 4030 394 4080 b)
408 4032 552 4073 Peterleonis
568 4031 616 4072 Ar.
679 4029 836 4082 c)deestA1.
898 4029 921 4082 d)
937 4031 1075 4079 wirceburg
1091 4029 1147 4080 A1;
1162 4031 1270 4071 Wnrcze-

147 4089 205 4138 burg
213 4090 233 4128 A
243 4091 263 4132 i.
278 4105 308 4125 =
324 4087 346 4140 o)
363 4090 462 4131 efficitur
470 4092 490 4131 B
499 4094 511 4131 1
519 4103 579 4134 maa.
587 4102 629 4133 ree.
689 4088 708 4141 i)
724 4090 827 4132 bacades.
838 4090 881 4130 01,
936 4087 959 4140 g)
976 4090 1046 4139 quim
1057 4088 1130 4144 01.ss
1139 4091 1150 4129 1
1159 4100 1219 4130 mun.
1227 4100 1269 4130 ree.

146 4144 170 4197 h)
184 4152 289 4198 tempore
306 4151 417 4190 astruItur
432 4151 454 4190 ei
470 4151 510 4190 Bl
526 4161 585 4192 moa.
602 4161 644 4190 rea
690 4149 709 4201 Ι)
724 4149 740 4191 t.
758 4149 872 4190 chinonis
888 4149 927 4188 Bi
945 4159 1002 4190 maa.
1019 4159 1060 4188 rea.
1106 4149 1130 4200 k)
1144 4149 1200 4188 deest
1216 4149 1270 4197 313

99 4209 102 4216 “
146 4217 192 4249 sec.
209 4219 267 4248 maa.
284 4219 327 4248 rea.
417 4208 435 4261 l)
451 4210 506 4250 hinc
522 4211 561 4249 Bl
578 4219 635 4251 maa.
651 4219 693 4253 rec.
783 4208 815 4260 111)
832 4209 887 4248 deest
903 4208 951 4249 Bi.
1048 4206 1072 4258 n)
1086 4209 1146 4258 inp.
1162 4208 1207 4246 hiis
1224 4207 1268 4247 02.

147 4263 169 4315 o)
186 4268 241 4307 meet
258 4268 300 4307 02.
346 4266 371 4319 p)
387 4267 442 4309 Noc.
460 4270 500 4308 Bl
517 4280 575 4310 maa.
592 4280 632 4309 rac.
694 4265 718 4319 q)
736 4268 875 4308 conboratus
892 4268 933 4306 Bl
950 4277 1011 4306 ama.
1026 4277 1067 4306 rec.
1120 4264 1139 4317 r)
1154 4267 1209 4305 deest
1225 4265 1269 4304 01.

147 4413 175 4482 1)
195 4415 266 4468 Aac.
287 4417 421 4486 Mapdeb,
441 4417 490 4473 SS.
511 4417 589 4482 XVI,
604 4437 635 4485 p.
658 4417 723 4469 183:
743 4417 929 4470 Bavenbercb.
1001 4413 1030 4482 2)
1049 4433 1083 4468 sc.
1110 4415 1269 4482 Winoeburp.

997 4501 1036 4564 5*
1323 4519 1325 4523 .
