3102 4978
300 368 335 417 rs
440 366 626 420 canonica
645 366 758 418 anem
779 365 1023 420 <rotomensis
1043 369 1075 420 A.
1098 326 1286 420 nos-1110.

673 540 836 594 Berensis
856 540 880 592 Ι.
900 542 993 594 codd.
1013 539 1047 593 A.

678 628 773 690 Anno
796 626 930 691 Domini
951 629 1042 698 1108.

374 711 446 776 Rex
466 709 582 775 festum
609 710 723 776 natalis
744 710 877 776 Domini
900 709 1110 798 Aquisgrani'
1124 710 1273 794 celebrat,
1302 708 1421 798 pascha
1534 722 1539 742 ⁴

203 818 288 872 nas.
301 795 495 894 Mogontiae.
538 795 652 860 Frater
671 796 756 881 regis
779 796 935 881 Ungarici
956 795 1069 859 Almus
1092 797 1221 860 nomine
1250 795 1292 860 ad·
1312 817 1420 880 regem

300 889 398 962 vemt,
420 900 440 941 a
461 878 557 944 fratre
579 900 637 943 suo
660 901 693 944 se
720 879 908 965 propulsum
936 901 1135 967 conquerens
1165 890 1196 944 et
1222 901 1333 966 regem
1362 900 1420 966 pro

301 964 351 1028 sui
368 964 568 1028 restitutione
598 963 770 1048 inplorans,
813 963 894 1030 Inde
922 986 989 1046 rex,
1020 963 1153 1030 collecto
1181 964 1333 1047 exercitu,
1362 985 1420 1050 pro

299 1046 494 1113 restituendo
517 1046 611 1112 Almo
634 1048 812 1196 Unpariam
833 1047 966 1112 invadit.

710 1154 772 1196 nno
794 1132 928 1196 Domini
952 1133 1043 1197 1100.

373 1217 446 1280 Rex
467 1215 605 1280 natalem
627 1215 761 1280 Domini
779 1216 963 1301 Mogontiac
985 1215 1135 1281 celebrat.
1199 1215 1316 1280 Comes
1333 1213 1421 1280 Sitri-

301 1300 360 1365 dus
382 1300 552 1386 palatinus,
575 1300 662 1386 quod
683 1299 716 1363 in
736 1309 861 1385 partem
876 1301 962 1386 regis
981 1298 1063 1364 male
1080 1301 1220 1382 sentiret,
1242 1310 1420 1382 accusatae,

301 1385 466 1449 custodiae
488 1405 508 1447 a
528 1406 603 1470 rege
622 1383 803 1534 deputatur,
883 1383 1064 1450 Rotbardus
1079 1383 1339 1532 archiepiscopus
1354 1383 1422 1449 Mo-

324 1469 429 1534 ontiae
453 1469 541 1534 obiit.
616 1469 688 1534 Eoi
713 1470 755 1533 sis
778 1466 852 1533 solis
875 1467 960 1534 facta
981 1478 1030 1532 est
1051 1469 1080 1532 2.
1097 1467 1170 1532 Kal.
1209 1469 1286 1538 unii.
1352 1468 1422 1533 Fri-

299 1491 426 1618 derious
458 1551 609 1618 Coloniae
642 1491 918 1639 arciriepiscopus,
950 1553 1059 1617 Bruno
1087 1553 1235 1618 Treveris
1267 1551 1421 1638 archiepi-

301 1658 429 1723 scopus,
457 1636 663 1702 cancellarius
672 1651 693 1717 1,
721 1638 940 1702 Herimannus
970 1637 1009 1700 de
1031 1636 1274 1722 Wincenburg³
1303 1635 1421 1722 aliique

323 1722 463 1808 rinoipes
486 1723 562 1786 satis
585 1720 663 1785 olari
683 1722 820 1786 Romam
842 1721 963 1786 vadunt
971 1731 992 1801 ²,
1015 1721 1098 1786 inter
1119 1720 1273 1786 domnum
1294 1729 1421 1807 aposto-

299 1743 397 1870 licum
415 1816 447 1870 et
460 1827 569 1890 regem
585 1806 788 1870 concordiam
803 1805 926 1870 facturi.
963 1805 1111 1869 Domnus
1127 1804 1320 1892 apostolicus
1336 1805 1423 1869 omni

302 1891 502 1976 paternitate,
525 1892 610 1954 omni
632 1889 876 1956 mansuetudine
891 1912 964 1954 eum
986 1913 1018 1954 se
1042 1891 1255 1976 excepturum
1276 1890 1421 1976 spondet,

302 1975 330 2038 si
351 1975 421 2060 ipse
444 1997 477 2039 se
499 1983 535 2038 ut
556 1996 666 2058 regem
689 1973 889 2056 catholicum,
912 1983 948 2038 ut
970 1974 1125 2040 eeclesiae
1147 1971 1248 2039 lilium
1269 1984 1300 2039 et
1315 1972 1423 2038 defen·

302 2080 417 2141 sorem,
440 2069 475 2124 ut
493 2059 639 2124 iusticias
654 2068 829 2124 amatorem
844 2069 971 2123 sanctae
987 2059 1150 2124 Romanae
1164 2057 1232 2122 sedi
1248 2057 1421 2124 exhiberet

681 2143 775 2208 Anno
799 2142 932 2207 Domini
954 2144 990 2208 11
1015 2143 1044 2208 0.

375 2227 447 2290 Rex
468 2226 607 2292 natalem
629 2227 761 2292 Domini
783 2225 975 2310 Bavenberg
998 2225 1145 2290 celebrat.

377 2310 399 2376 S
425 2311 528 2375 nodus
555 2310 694 2396 gloriosa
722 2313 831 2376 Nonas
857 2310 1027 2374 Martiiin
1054 2309 1260 2373 Lateranensi
1289 2308 1423 2375 ecclesia

301 2395 388 2481 presi
413 2403 484 2459 ente
506 2394 623 2459 domno
645 2417 688 2480 pa
711 2417 731 2458 a
752 2389 901 2458 Paschali
923 2392 1109 2474 celebratur,
1132 2395 1334 2480 presentibus
1356 2393 1423 2478 plu·
1528 2423 1539 2440 <

302 2479 391 2543 rimis
414 2479 575 2576 episcopis
598 2488 630 2543 et
650 2417 831 2560 abbatibus,
853 2477 910 2542 ubi
931 2477 1074 2542 omnium
1088 2479 1250 2541 communi
1265 2498 1424 2542 consensu

302 2560 361 2627 hec
373 2561 514 2648 eapnula
524 2563 610 2626 edita
625 2572 735 2628 sunt³z
758 2561 989 2647 Apostolorum
1004 2562 1186 2627 canonibus
1197 2572 1354 2628 stctntnrn
1369 2572 1423 2644 est,

305 2657 340 2710 nt
372 2650 515 2712 omniurn
548 2649 752 2733 nepotiornrn
784 2646 1073 2712 ecclesiasticorum
1102 2669 1217 2711 cnrarn
1249 2649 1423 2733 episcopus

304 2731 422 2794 babeat
459 2740 488 2795 et
516 2753 556 2795 ec
583 2731 668 2795 velot
688 2733 759 2796 Deo
790 2731 1024 2816 contemplante
1052 2731 1226 2817 dispenset.
1281 2732 1358 2796 Item
1385 2734 1423 2798 in

305 2813 506 2880 Antiocheno
529 2815 664 2880 concilio
687 2824 842 2880 statatum
870 2825 925 2896 est,
953 2825 989 2880 nt
1016 2838 1076 2900 qne
1105 2825 1182 2879 sent
1211 2813 1338 2880 ecclesie
1365 2815 1423 2880 snb

305 2901 394 2964 omni
416 2897 635 2965 sollicitudine
657 2909 685 2963 et
707 2901 906 2965 conscicntia
928 2899 1013 2963 bona
1035 2909 1063 2962 et
1076 2900 1147 2982 fide
1169 2923 1235 2965 non
1248 2898 1342 2982 ficta,
1364 2923 1424 2986 qne

304 2987 342 3048 in
364 2984 471 3047 Deum
493 2993 548 3066 est,
571 2993 802 3049 conserventur
809 3008 821 3068 ,·
848 3006 908 3068 qne
939 2990 1036 3049 etiarn
1064 2983 1314 3069 dispensandcl
1338 2993 1423 3066 sent,

305 3069 424 3133 inditio
447 3077 475 3130 ct
490 3077 649 3154 potestate
659 3069 829 3153 pontificis
844 3069 1085 3152 dispensentur,
1108 3070 1163 3132 cni
1179 3070 1365 3133 commissus
1380 3077 1425 3132 est

330 3151 449 3236 opulas
465 3162 494 3216 et
509 3155 650 3235 animae,
672 3176 756 3238 qnae
771 3155 863 3217 intra
878 3151 1045 3218 ecclesiam
1060 3162 1313 3239 conprcpantnr.
1346 3153 1425 3215 Item

301 3175 417 3300 dectus
438 3236 628 3321 Stephanus
648 3240 767 3303 martir
796 3237 926 3301 scribit:
958 3237 1074 3318 ‘Loici
1122 3238 1249 3300 numnis
1276 3235 1425 3321 relipiosi

305 3321 382 3402 sint,
403 3317 489 3385 nolli
510 3331 617 3386 tamen
640 3323 679 3386 dc
701 3321 929 3386 ecclesiasticis
941 3261 1187 3404 fucrdtotiins⁰
1203 3319 1334 3403 aliquid
1356 3319 1423 3384 dia·

299 3406 451 3490 ponendi
473 3405 592 3491 lepitnr
612 3429 766 3493 nmquam
789 3405 945 3470 attributa
957 3404 1120 3488 facilitas,
1144 3424 1245 3487 neque
1273 3398 1426 3488 deinceps

645 3549 808 3602 Recensio
828 3549 870 3601 ΙΙ.
891 3550 981 3602 codd.
1000 3550 1033 3601 B.
1056 3547 1083 3598 0.

644 3637 674 3700 4.
718 3636 813 3699 Anno
836 3635 969 3699 Domini
991 3634 1083 3699 1109.

379 3725 504 3793 ama
524 3727 588 3778 ⁵⁰¹³⁵
607 3726 681 3856 a,
700 3726 974 3857 uirtuti
998 3792 1088 3855 1110.

381 3883 504 3948 Synodus
528 3883 646 3948 gloriosa
665 3884 767 3934 Romae
793 3883 946 3950 presidente
971 3882 1067 3933 domno
1092 3880 1239 3948 apostolico
1267 3881 1425 3944 celebratur,

305 3958 474 4023 presentibus
490 3957 610 4024 plurimis
631 3959 764 4025 episcopis
785 3963 812 4008 et
827 3957 976 4020 abbatibus,
996 3956 1043 4006 ubi
1061 3950 1190 4006 multa<i
1209 3955 1319 4006 utilia
1337 3960 1425 4005 trac-

308 4136 330 4189 a)
347 4138 479 4188 wirciburg
494 4139 543 4180 ΑΙ.
604 4137 628 4190 b)
646 4140 755 4190 dispensa
770 4138 820 4180 Ar.
867 4139 887 4191 c)
904 4142 1049 4188 taauperrer.
1066 4135 1425 4188 A1.=d)p1ur1maur,cr.
1524 4145 1539 4162 r

311 4307 527 4369 madalbertus.
566 4310 569 4322 “
602 4308 631 4371 2)
652 4325 711 4360 cum
731 4325 828 4376 pompa
847 4324 899 4359 non
919 4323 1002 4374 parva
1022 4303 1274 4357 esurientius.
1334 4304 1364 4372 3)
1385 4305 1427 4372 ΟΥ.

309 4380 408 4444 Menai,
430 4379 506 4434 Cone.
525 4379 601 4442 XXI,
624 4384 649 4433 7.
951 4415 954 4425 =
