3126 4976
2 3252 15 3309 t

269 385 457 440 ennomus
475 386 588 439 REGIA
608 387 858 456 conuulsum,
871 389 904 438 Δ.
923 387 1003 438 1156.
1024 387 1103 439 ttsr.
1222 388 1257 436 93

504 560 677 614 Recenaio
696 563 721 613 Ι.
741 560 835 616 codd,
855 559 888 613 A.

211 643 398 745 Arnoldus¹
421 645 620 747 Coloniensis
641 646 900 747 archiepiscopus
923 645 1016 727 obiit;
1046 647 1098 708 cui
1119 645 1258 710 Frideri·

133 753 201 813 cus,
214 730 538 880 didiisslndisssdriscid
555 731 1004 902 idddlrgpldpdilroeeetssdtdmnum
1032 813 1258 912 imperatorem

28 907 30 912 '
135 899 237 963 oritur
245 911 267 963 ².
311 897 393 962 Nam
421 921 507 985 papa
527 899 698 999 ‘quondam
724 899 929 964 Innocentius
956 899 1078 963 Romae
1105 920 1139 962 1n
1164 919 1256 962 muro

135 983 228 1068 pingi
247 983 367 1047 fecerat
388 1005 421 1048 se
444 1005 536 1068 quasi
557 985 592 1048 in
613 983 726 1049 throno
742 983 917 1069 pontificali
932 982 1104 1062 sedentem,
1120 983 1258 1066 impera-

136 1075 239 1131 torem
259 1089 336 1132 vero
354 1066 542 1132 Lotharium
558 1068 757 1154 complicatis
778 1066 927 1132 manibus
948 1087 1056 1130 coram
1071 1089 1105 1130 se
1126 1065 1257 1129 inclina-

477 1249 649 1301 Beoeusio
668 1249 710 1300 ΙΙ.
729 1249 823 1301 codd.
844 1249 877 1300 B.
898 1247 925 1300 0.

442 1336 495 1400 6.Ῑ)
517 1333 612 1397 Anno
634 1335 768 1399 Domini
791 1335 920 1399 nour*

213 1415 363 1480 Domnus
376 1415 538 1482 Arnoldus
553 1419 813 1504 archiepiscopus
830 1417 909 1484 obiit
918 1429 940 1484 ³.
972 1419 1100 1484 Deinde
1115 1417 1257 1503 generali

136 1497 293 1588 plectione
315 1500 419 1565 clerus
442 1512 474 1566 et
494 1501 632 1588 populus
655 1501 772 1583 habita,
794 1503 887 1588 gravi
908 1503 1047 1588 partium
1070 1504 1223 1568 scissione
1238 1525 1258 1566 a

136 1584 332 1648 seinvicem
353 1585 549 1668 dividuntur,
572 1598 604 1652 et
625 1608 690 1650 una
711 1609 785 1671 pars
807 1585 1032 1651 Gerhardum0
1053 1588 1258 1652 Bonnensem

137 1670 348 1816 prepositum,
382 1668 481 1735 altera
515 1671 718 1735 Fridericum
744 1672 945 1757 prepositum
978 1670 1088 1736 Sancti
1123 1671 1258 1756 Georgii

136 1753 347 1818 accamando
369 1755 521 1818 variatur.
565 1754 811 1840 secutumque
840 1755 1021 1818 iusticiamd
1048 1756 1148 1840 partis
1180 1778 1259 1830 suae

138 1834 350 1919 defensantes,
372 1859 447 1902 cum
468 1860 586 1924 magna
607 1839 808 1902 animositate
831 1860 890 1924 pro
912 1839 1151 1904 confirmatione
1166 1849 1198 1904 et
1211 1841 1258 1902 in:

137 1921 293 1985 vestitura
314 1920 490 1987 electorum
510 1925 615 2008 primo
637 1922 725 2007 apud
745 1920 960 2008 Ndrinberg⁰,
982 1932 1145 2009 postremo
1169 1924 1258 2010 apud

138 2003 388 2089 Radasponam⁴
410 2007 452 2071 ad
473 2006 670 2070 audientiam
691 2005 890 2091 imperialem
912 2017 945 2071 et
965 2008 1150 2093 principum
1161 2008 1259 2092 profi-

139 2087 317 2172 ciscuntur3
351 2089 408 2154 ubi
437 2090 564 2156 tandem
603 2089 767 2155 voluntate
796 2101 834 2171 ,et
862 2089 982 2156 iudicio
1013 2092 1149 2176 imperii,
1181 2091 1259 2162 dum

138 2181 246 2257 partes
257 2195 323 2236 non
337 2177 541 2257 conveniunt,
552 2175 737 2238 Fridericus
748 2174 916 2238 investitur
922 2175 942 2257 f,
957 2175 1095 2260 indeque
1109 2175 1258 2239 continuo

140 2277 214 2320 cum
236 2259 301 2320 suis
315 2256 515 2356 ,electoribus
537 2259 718 2345 digrediens
733 2259 933 2344 Romamque
948 2259 1089 2339 veniens,
1106 2262 1126 2322 a
1140 2260 1259 2324 domno

139 2339 284 2404 Adriano
313 2363 348 2405 m
373 2343 650 2430 archiepiscopum
678 2351 913 2407 consecratur-⁵.
963 2343 1041 2406 Post
1067 2343 1129 2406 hoc
1162 2343 1259 2407 etiam

139 2435 273 2511 accepto
295 2423 402 2512 pallio,
424 2450 498 2492 cum
520 2449 645 2492 summo
668 2449 796 2491 suorum
815 2426 955 2511 tripudio
972 2425 1140 2493 Coloniam
1154 2449 1259 2512 regre-

139 2507 240 2588 diens,
261 2511 296 2573 in
316 2510 407 2575 brevi
429 2522 568 2576 castrum
589 2511 848 2576 Randenrodess·⁰
876 2511 917 2575 ad
939 2510 1081 2576 favorem
1101 2511 1259 2576 Gozuinih

139 2591 180 2656 de
201 2593 450 2681 Heismesbergi
472 2605 504 2660 et
529 2597 680 2660 iniuriam
702 2594 897 2680 Harpernil,
919 2596 1063 2660 eiusdem
1094 2596 1189 2660 castri
1211 2605 1259 2660 tu-

138 2678 227 2759 toris,
251 2677 375 2744 obsidet
396 2687 428 2743 et
449 2679 561 2763 deicit3
584 2679 671 2766 quod
692 2678 897 2764 postmodum
912 2679 946 2742 in
960 2679 1073 2745 melius
1091 2681 1275 2745 restruitur·

139 2768 172 2824 et
192 2760 326 2826 firmiori
347 2762 429 2828 vallo
453 2765 679 2829 circumdatur.

217 2845 368 2910 *Eodem
390 2856 535 2933 tempore
556 2849 639 2914 inter
665 2847 819 2911 domn'um
847 2845 1058 2932 apostolicum
1079 2847 1260 2912 Adrianum
1326 2865 1335 2874 ’

138 2936 236 3014 atque
257 2931 482 3017 imperatorem
503 2932 706 2996 Fridericum
726 2954 840 3016 graves
863 2933 1098 2997 controversiae
1113 2933 1188 2996 oriri
1210 2954 1261 2997 ce·

139 3023 266 3097 parunt,
289 3037 370 3102 quae
392 3015 576 3081 huiusmodi
597 3037 727 3079 causam
748 3015 899 3080 habuisse
913 3015 1068 3081 feruntur.
1095 3016 1189 3103 Papa
1207 3016 1259 3080 In-

138 3099 318 3182 nocentius,
340 3100 423 3165 eius¹
445 3102 584 3164 nominis
612 3099 781 3181 secundus,
803 3100 905 3163 Rome
928 3100 1090 3184 quondam
1112 3101 1146 3163 in
1167 3122 1258 3164 muro

138 3181 231 3278 pingi
251 3183 370 3249 fecerat
391 3207 425 3249 se
446 3186 553 3271 ipsum
577 3184 668 3270 quasi
689 3184 724 3246 in
746 3182 822 3265 sede
849 3183 1026 3268 pontificali
1054 3183 1257 3258 residentem,

139 3276 366 3350 rmperatorem
386 3291 463 3334 vero
485 3268 676 3334 Lotharium
697 3265 897 3353 complicatis
920 3267 1069 3332 manibus
1092 3289 1200 3331 coram
1223 3290 1258 3332 se

131 3349 339 3442 inclinatum,
361 3374 512 3417 coronam
533 3352 660 3439 imperii
682 3352 919 3438 suscipientem.
955 3349 1103 3416 Accessit
1124 3351 1208 3434 huic,
1232 3353 1259 3414 si

140 3509 528 3568 ⁸)Am01ruso.eptseopurnu
554 3533 583 3552 =
611 3516 636 3569 b)
652 3517 673 3559 5.
691 3517 732 3559 02.
776 3511 810 3567 b⁸)
825 3521 874 3564 port
889 3527 947 3556 corr.
965 3516 1030 3559 1155.
1053 3515 1097 3556 02.
1137 3513 1259 3566 cherar-

140 3572 195 3611 dum
212 3573 253 3616 01.
323 3574 347 3626 d)
369 3587 393 3617 u.
408 3581 498 3627 partem
521 3586 587 3617 suam
603 3577 645 3617 02.
729 3572 751 3625 s)
767 3564 897 3624 Rilrinberg
912 3575 956 3616 01.
1031 3572 1188 3626 otnvestttns
1204 3576 1259 3616 inde

140 3641 161 3670 c.
178 3631 220 3673 cr.
281 3633 305 3684 g)
321 3636 460 3678 nannenus
477 3637 518 3676 os.
564 3635 589 3687 n)
607 3635 773 3686 sominium
790 3633 953 3678 uoluuntur.
999 3633 1053 3687 ne.
1070 3623 1199 3683 ntrrmerg
1216 3634 1259 3677 οι.

140 3687 166 3742 k)
182 3695 297 3744 Narperni
314 3695 358 3738 01.
389 3694 407 3748 1)
425 3698 529 3738 ciusdem
546 3695 589 3736 02.

142 3844 172 3912 1)
193 3845 270 3907 Quae
288 3857 436 3914 sequuntur
454 3846 574 3914 quumvis
595 3864 620 3900 a.
633 3846 713 3898 1156.
734 3846 838 3909 additu,
858 3863 912 3897 nou
927 3851 981 3896 tum
1000 3843 1078 3896 dulus
1099 3842 1261 3910 antiquam

142 3919 268 3986 longioris
287 3922 411 3988 temporis
430 3921 568 3973 hutonem
589 3920 727 3982 continere,
742 3927 829 3986 patet.
868 3919 968 3970 Auctor
987 3916 1258 3970 recunduereoeusio·

140 3992 183 4042 uis
196 3992 261 4045 haec
269 3996 372 4059 partim
386 3994 463 4046 aliter
476 3993 614 4060 disposuit,
623 3991 726 4059 purtim
739 3993 832 4047 omisit.
857 3992 887 4056 2)
902 3990 941 4057 Cf.
958 3991 1038 4044 Gesta
1050 3991 1128 4044 Fau.
1139 3991 1198 4054 III,
1216 3993 1259 4042 10.

142 4063 174 4131 3)
194 4082 219 4118 a.
246 4068 327 4119 1156.
407 4068 437 4134 4)
457 4086 482 4117 a.
504 4066 585 4128 1156,
606 4064 693 4132 dapar
716 4066 751 4130 cf.
774 4065 831 4116 Otto
851 4064 922 4118 Fris.
949 4065 1030 4118 Geato
1053 4063 1132 4117 Frid.
1151 4064 1193 4124 ΙΙ,
1214 4066 1258 4128 32,

147 4135 199 4188 Sd.
220 4138 280 4202 XX,
298 4159 327 4208 p.
347 4142 410 4193 415.
456 4141 485 4207 5]
506 4138 547 4208 Qf.
561 4139 616 4192 Oct.
641 4139 666 4189 I.
688 4139 945 4205 archiepiscopat-run
965 4137 1063 4204 Gonu,
1083 4137 1134 4190 SS.
1153 4137 1259 4203 XXIV,

142 4228 174 4277 p.
187 4213 249 4276 342,
261 4232 337 4280 quem
350 4216 398 4267 lice
410 4213 547 4267 chronicae
558 4216 612 4266 loco
630 4230 709 4264 usum
718 4229 773 4264 erse
782 4213 949 4280 repererim
959 4213 992 4278 cs.
1003 4211 1148 4280 Plataea-12.
1159 4225 1222 4266 ΧΙΙΙ
1230 4229 1258 4263 u.

143 4288 172 4349 6)
193 4284 360 4352 Bonderatls,
382 4305 470 4355 prope
489 4287 646 4355 Heinrbcrq.
