2988 5058
300 430 354 480 340
416 431 466 480 EX
485 431 581 484 HIST.
601 431 883 484 EXPEDITIONUM
903 431 942 483 IN
961 431 1111 484 TERRAM
1131 427 1311 484 SANGTAM.

225 613 290 654 1¹1²·
301 597 556 663 desiderantibus
594 598 681 684 apud
707 598 904 684 Vlerdingen
933 599 1120 685 congregati
1152 610 1235 662 sunt.
1298 598 1438 678 Quarto

300 683 311 745 i
337 683 399 747 'tur
418 682 492 746 Kal.
506 683 592 747 Iunii
614 682 690 747 dicti
710 684 776 746 iam
798 685 962 770 peregrini
983 706 1017 747 se
1039 693 1071 748 et
1093 705 1151 746 sua
1165 683 1238 746 Deo
1261 703 1437 748 commen-

300 705 422 849 dolates,
453 767 607 854 oppansis
629 765 708 831 velis
738 789 812 830 cum
834 771 986 833 trecentis
1007 767 1073 831 fere
1095 766 1232 832 navibus
1253 765 1310 830 leti
1336 789 1436 831 mare

300 850 529 932 conscendunt,
552 852 780 998 venientesflue
800 851 841 916 ad
861 862 990 938 portum
1011 849 1129 936 Anglie
1149 851 1204 936 qui
1224 850 1434 916 Dirthmude

300 933 428 1016 dicitur,
445 934 643 1000 Willelmum
665 935 719 998 Ηο
744 957 853 1000 ensem
884 937 1034 1000 comitem
1056 937 1090 998 in
1112 935 1279 1000 dominum
1301 935 1433 1000 milicie

299 1021 512 1084 communiter
533 1020 721 1106 suscipiunt,
744 1019 803 1084 sub
827 1041 890 1106 quo
912 1018 999 1118 leges
1020 1031 1051 1084 ct
1066 1041 1151 1083 nova
1172 1020 1242 1082 iura
1264 1017 1307 1082 ob
1331 1021 1431 1104 pacis

299 1101 534 1168 observantiam
569 1115 643 1168 sunt
676 1112 804 1168 statuta.
859 1104 974 1169 Tercro
1004 1103 1086 1168 Non.
1121 1101 1265 1167 eiusdem
1298 1105 1429 1168 mensis

323 1189 489 1252 erveniunt
517 1187 559 1252 ad
588 1209 677 1252 mare
698 1187 930 1269 Britannicum,
960 1187 1018 1252 ubi
1044 1189 1129 1253 inter
1150 1210 1189 1251 ru
1213 1210 1247 1251 es
1274 1187 1310 1250 in
1342 1190 1430 1251 mari
1478 1191 1479 1232 l

297 1208 448 1336 fluente&
478 1273 570 1336 navis
598 1272 638 1335 de
660 1270 848 1336 Monnheim
872 1271 1045 1337 confracta
1066 1282 1124 1337 est.
1201 1271 1263 1335 nde
1287 1271 1427 1358 reliquis

298 1355 435 1421 navibus
456 1355 612 1419 anchoras
639 1357 673 1419 in
694 1357 938 1441 Fine-posterne
965 1355 1053 1441 apud
1076 1356 1230 1421 Sanctum
1252 1355 1427 1422 Matheum

298 1438 481 1523 figentibus,
514 1439 659 1504 homines
688 1440 801 1503 naufra
825 1440 858 1503 ib
888 1463 947 1526 per
978 1439 1070 1504 batos
1104 1439 1144 1503 de
1172 1463 1263 1526 rupe,
1300 1453 1427 1526 quamc
1478 1459 1479 1526 }

296 1522 518 1604 ascenderant,
540 1533 614 1588 sunt
635 1524 753 1589 educti.
791 1462 878 1587 llino
899 1525 1091 1610 perveniunt
1113 1523 1154 1587 ad
1168 1534 1299 1610 portum
1315 1525 1427 1591 Phare
1478 1529 1479 1546 ¹

296 1607 330 1669 in
353 1629 453 1692 regno
467 1607 671 1692 Legienensi.
714 1607 765 1672 Ibi
779 1630 878 1672 naves
900 1611 932 1671 in
947 1619 1042 1694 portu
1056 1607 1282 1694 relinquentes,
1306 1619 1427 1694 petunt

297 1689 408 1754 limina
440 1691 572 1777 gloriosi
608 1691 744 1776 apostoli
777 1691 888 1756 Iacobi
923 1693 958 1755 in
991 1691 1216 1778 compostella.
1265 1693 1354 1758 Item
1392 1695 1425 1757 in

194 1789 287 1834 lus-2⁹.
298 1777 452 1861 martyrio
467 1777 555 1840 Petri
576 1786 609 1841 et
623 1775 715 1840 Pauli
729 1797 827 1840 naves
849 1787 1046 1862 repetuntur,
1068 1785 1100 1840 et
1121 1798 1209 1841 mare
1230 1777 1425 1844 ascendunt.

296 1859 364 1926 Ubi
387 1871 455 1925 orta
474 1868 664 1946 tempestate
679 1860 858 1942 sevissima,
881 1870 1026 1946 separate
1042 1870 1117 1925 sunt
1130 1881 1240 1942 naves,
1262 1870 1296 1924 et
1311 1883 1424 1928 comes

296 1943 513 2009 Hollaniensis
535 1953 663 2030 portum
686 1945 778 2029 petiit
807 1965 881 2008 cum
909 1943 1055 2030 pluribus
1084 1943 1223 2008 navibus
1252 1946 1287 2008 in
1318 1968 1423 2032 regno

296 2029 529 2177 Pomrialensi,
551 2029 585 2092 in
608 2029 699 2092 cuius
721 2029 853 2092 introitu
875 2039 939 2092 tres
954 2051 1052 2093 naves
1067 2028 1166 2093 fracte
1182 2038 1264 2092 sunt.
1301 2030 1422 2095 Comes

295 2135 372 2178 vero
417 2136 434 2178 e
452 2112 550 2178 Wide
573 2133 645 2176 cum
661 2111 793 2198 reliquis
807 2112 944 2177 navibus
965 2113 1095 2177 intravit
1108 2123 1238 2198 portum
1253 2115 1287 2176 in
1304 2115 1421 2179 eodem
1478 2145 1479 2176 3

296 2219 408 2282 regno.
451 2196 578 2262 Deinde
608 2198 694 2261 circa
721 2195 799 2261 Idus
827 2196 901 2260 Iulii
929 2197 1092 2282 graviora·
1107 2197 1205 2280 passi,
1233 2197 1422 2281 parcialiter
1478 2263 1479 2266 ,

295 2282 416 2346 intrant
435 2290 564 2381 portum
575 2279 852 2346 Ulixibonensem.
885 2281 947 2345 Est
967 2281 1053 2346 enim
1075 2280 1273 2346 Ulixibona‘1
1296 2284 1423 2368 optima

297 2365 412 2430 civitas
433 2389 467 2429 1n
488 2375 597 2429 monte
619 2365 689 2442 sita,
711 2367 745 2429 in
767 2387 806 2429 eo
828 2364 950 2430 scilicet
970 2365 1050 2440 loco,
1077 2364 1134 2429 ubi
1156 2365 1313 2430 auriferus
1336 2367 1422 2431 Tha-

320 2463 379 2514 us¹
402 2449 484 2513 mari
506 2448 698 2514 occidentali
720 2447 897 2535 copulatur.
941 2448 1037 2513 Hanc
1058 2450 1221 2514 civitatem
1237 2453 1422 2528 construxit

295 2472 420 2616 lnixes,
454 2556 528 2598 cum
555 2555 575 2596 a
601 2533 700 2597 Troia
732 2544 806 2619 post
833 2535 902 2598 eius
931 2532 1179 2598 destructionem
1207 2532 1420 2601 discessisset.

295 2617 390 2682 Nunc
415 2627 524 2682 autem
552 2617 598 2682 ibi
618 2627 790 2682 veneratur
810 2615 897 2683 beati
924 2639 1043 2702 corpus
1070 2618 1232 2682 Vincentii
1260 2616 1364 2683 levite
1391 2629 1421 2684 et

295 2702 447 2766 martiris.
491 2700 574 2766 Oum
602 2703 712 2786 itaque
739 2701 818 2766 dicti
846 2705 911 2767 iam
939 2722 1033 2766 cruce
1063 2703 1089 2766 si
1136 2702 1180 2766 ati
1208 2724 1268 2787 per
1295 2701 1421 2789 aliquot

296 2784 365 2851 dies
387 2787 420 2848 in
441 2784 503 2848 hoc
524 2784 596 2849 loco
618 2795 827 2866 morarentur,
850 2794 1056 2871 expectantes
1078 2788 1157 2850 aias
1178 2808 1286 2869 naveS,
1311 2809 1420 2853 acces-

296 2879 406 2934 serunt
432 2869 474 2932 ad
504 2890 559 2932 eos
576 2869 727 2934 ¹Severus
754 2870 926 2956 episcopus
955 2868 1208 2950 Ulixibonensis,
1242 2871 1419 2958 eiscopus

295 2952 483 3034 Eborensis,
505 2952 663 3017 Martinus
685 2953 928 3018 commendator
950 2953 1068 3019 milicie
1090 2954 1130 3018 de
1148 2893 1299 3037 Palmeld,
1323 2956 1420 3020 'Pem-

295 3036 399 3123 plarii,
427 3037 639 3123 Hospitalarli
667 3060 741 3101 cum
768 3037 839 3101 aliis
867 3037 1040 3120 nobilibus,
1070 3061 1144 3102 siras
1171 3040 1218 3103 eis
1247 3041 1419 3108 continuas

294 3121 517 3187 tribulationes
547 3133 578 3187 et
608 3123 772 3206 angustias
805 3145 847 3186 ex
873 3123 974 3185 nimia
999 3123 1135 3187 viciniae
1165 3123 1420 3188 sarracenorum

294 3204 542 3272 lamentabiliter
568 3215 775 3291 exponentes,
812 3205 1071 3292 asserebantque,
1107 3216 1247 3271 castrum
1279 3229 1351 3272 esse
1386 3210 1420 3272 in

294 3290 417 3356 foribus
443 3292 586 3376 ipsorum
613 3312 633 3352 s
661 3289 845 3354 Sarracenis
872 3290 1103 3372 inhabitatum,
1132 3292 1236 3376 quodf
1263 3290 1421 3374 Alkarez,

294 3374 397 3440 idest
419 3376 562 3440 omnium
578 3395 695 3455 carcer,
723 3373 857 3456 dicitur,
885 3396 905 3438 a
925 3394 989 3459 quo
1010 3375 1145 3440 fuissent
1167 3374 1243 3439 olim
1273 3377 1420 3441 cristiani

295 3459 452 3524 violenter
474 3459 566 3523 eiecti
588 3467 620 3522 et
641 3459 810 3542 captivati,
839 3457 1003 3540 addentes,
1032 3458 1093 3523 boc
1116 3469 1257 3523 castrum
1279 3461 1313 3523 in
1339 3483 1419 3545 pen·

294 3544 409 3608 sioness
438 3542 479 3606 ad
509 3541 594 3606 mille
623 3543 750 3627 capitah
772 3543 998 3606 cristianorum
1019 3564 1077 3606 sno
1105 3544 1175 3629 regi
1203 3543 1243 3608 de
1265 3544 1420 3608 Marroch

295 3626 429 3712 singulis
451 3627 542 3691 annis
564 3649 634 3691 esse
657 3626 842 3711 obligatum.
895 3625 1033 3773 Sindusi
1049 3629 1219 3712 petierunt,
1241 3637 1278 3691 ut
1298 3628 1420 3693 intuitu

294 3713 444 3775 cristiane
466 3710 524 3775 reli
547 3711 629 3774 ionis
651 3709 693 3774 ab
715 3708 828 3773 incolis
850 3710 945 3775 huius
980 3712 1031 3774 oci
1052 3710 1161 3775 valida
1182 3733 1281 3775 manu
1303 3713 1338 3776 di
1362 3736 1419 3777 na-

294 3803 405 3860 rentur
426 3733 650 3872 eos'liberara
678 3816 752 3857 cnm
782 3793 844 3857 hoc
867 3804 1008 3859 castrum
1030 3806 1114 3860 esset
1135 3795 1235 3860 clavis
1262 3806 1294 3861 et
1315 3735 1419 3860 admi-

295 3878 396 3944 rabile
424 3879 623 3942 incentivum
652 3880 768 3942 erroris
800 3880 897 3942 totius
919 3879 1087 3962 Hispanis.
1131 3879 1184 3943 Ad
1210 3880 1269 3944 bec
1298 3881 1419 3965 prefati

294 3963 439 4045 comites,
465 3961 597 4028 consilio
625 3985 699 4026 cum
722 3961 868 4026 discretis
889 3963 966 4026 viris
987 3962 1109 4044 habite,
1138 3963 1295 4028 discentes
1318 3967 1436 4029 etiam·

295 4162 455 4216 s)latentibns
469 4174 486 4204 s.
516 4159 541 4213 b)
550 4161 643 4211 nairsgl
657 4173 714 4205 corr.
730 4161 838 4211 naufragi
854 4174 871 4202 e.
904 4161 925 4214 c)
932 4167 983 4212 porr
998 4164 1022 4202 ia
1037 4173 1106 4213 moro.
1122 4163 1219 4212 sapato.
1250 4161 1361 4214 d)Ulixb.
1378 4167 1419 4206 hoc

294 4225 341 4263 loeo
356 4235 374 4265 r.
436 4221 458 4273 e)
475 4221 553 4261 viclna
568 4233 586 4262 c.
617 4219 636 4272 f)
653 4222 685 4262 oie
698 4222 779 4270 seriari,
794 4223 832 4262 red
846 4221 907 4262 semel
922 4223 1010 4262 deletum
1026 4233 1044 4263 s.
1076 4217 1239 4273 gllpensione
1255 4234 1273 4264 c.
1305 4221 1418 4274 h)eapite

295 4282 441 4332 eorrcapite
456 4293 473 4324 e.
534 4278 551 4332 ἰ)
569 4277 639 4330 Siqua
654 4292 711 4322 corr.
727 4279 812 4330 Sicque
828 4292 844 4322 r.
1221 4297 1229 4304 ·

298 4429 327 4496 1)
348 4429 387 4497 Cf.
408 4446 513 4482 carmen
527 4449 559 4497 p.
579 4432 640 4494 350,
661 4447 686 4482 o.
707 4430 755 4481 53:
774 4429 891 4482 Auriferi
910 4432 1014 4499 reliqua
1033 4433 1127 4484 classis
1156 4434 1224 4499 petit
1248 4435 1319 4486 ostia
1338 4433 1418 4502 Tagi.
