3126 4976
286 405 606 459 01180118110811
627 407 867 462 COLONIENSIS
886 411 919 462 A.
937 410 1017 464 1118.
1038 413 1119 466 1159.
1208 416 1259 465 101

510 580 675 633 Becensr'o
696 582 719 633 Ι.
740 584 833 638 codd.
852 583 886 634 A.

220 665 345 730 Eodem
378 687 463 729 anno
491 666 580 751 apud
602 667 736 752 Papiam
763 669 947 733 Fridericus
972 669 1173 738 Coloniensis
1195 674 1261 760 epi-

134 771 254 834 scopus
278 749 368 816 obiit.

536 833 631 897 Anno
652 834 788 900 Domini
813 837 903 901 1159.

219 917 400 1002 Imperator
410 916 515 983 natale
528 918 661 982 Domini
674 920 708 984 in
723 920 907 986 Lonbardia
929 920 1079 1004 celebrat,
1115 925 1260 988 exercitu

118 1002 281 1087 regiones
303 1001 590 1066 Mediolanensium
624 1003 800 1069 obsidente.
838 1003 1047 1071 Colonienses
1079 1028 1156 1071 vero
1188 1009 1259 1093 pari

134 1098 212 1150 voto
234 1097 266 1151 et
287 1087 451 1150 communi
473 1084 627 1150 electione
644 1087 834 1152 Reinoldum
857 1087 1083 1154 cancellarium
1102 1091 1135 1154 in
1155 1094 1259 1177 ponti-

136 1169 227 1234 ficem
250 1170 312 1235 sibi
334 1168 508 1255 elegerunt,
529 1170 586 1258 qui
601 1170 707 1236 adhuc
721 1173 755 1236 in
769 1172 864 1236 Italia
886 1194 957 1236 cum
973 1174 1164 1260 imperatore
1181 1187 1257 1245 erat.

219 1253 281 1317 His
319 1253 434 1319 diebus
469 1256 660 1340 imperator,
697 1255 877 1322 coadunato
917 1257 1067 1322 universo
1105 1261 1258 1342 exercitu,

135 1337 285 1403 Cremam
297 1339 409 1404 urbem
426 1339 672 1404 munitissimam
685 1350 873 1427 per-septem
883 1362 1008 1405 menses
1017 1342 1226 1489 expugnabat
1237 1356 1257 1408 ¹.

132 1421 179 1486 Hi
217 1432 324 1487 autem
363 1423 417 1507 qui
446 1423 480 1486 in
516 1423 596 1488 urbe
630 1435 721 1489 erant
759 1423 823 1489 loci
849 1425 1026 1490 munimine
1082 1427 1139 1508 eti,
1176 1426 1258 1491 duos

26 1505 28 1512 ’
133 1505 350 1570 Τ1801001008
360 1506 478 1571 milites
494 1518 606 1593 captos
619 1510 652 1572 in
666 1517 841 1594 conspectu
858 1511 997 1575 caesaris
1013 1510 1256 1597 suspenderunt.

133 1590 262 1671 Quibus
285 1590 373 1674 visis,
396 1600 460 1654 tam
483 1591 659 1677 imperator
685 1615 782 1680 quam
804 1595 965 1659 exercitus
986 1593 1100 1659 urbem
1122 1593 1258 1662 assultua

131 1673 329 1760 inpetebant.
385 1674 455 1740 Nec
475 1678 566 1762 pacis
587 1677 664 1740 autl’
696 1678 808 1742 veniae
830 1677 920 1742 locus
943 1688 1019 1758 erat,
1039 1688 1092 1744 set
1135 1680 1257 1744 uicum-

130 1781 195 1908 008
225 1770 289 1824 ex⁰
318 1767 453 1846 utraque
480 1769 572 1844 parte
602 1761 813 1846 capiebantur
839 1763 946 1826 statim
970 1765 1129 1848 suspende
1153 1773 1256 1833 80108.

148 1851 260 1909 nterea
286 1843 355 1908 dux
377 1843 539 1909 Saxoniae
562 1845 649 1908 circa
671 1855 776 1909 ortum
800 1846 969 1910 cuiusdam
992 1847 1056 1912 diei
1079 1868 1153 1910 cum
1175 1846 1257 1911 mili-

130 1928 218 1994 tibus
240 1928 307 1993 fere
328 1929 371 1992 40
392 1929 478 2014 agris
500 1926 787 1994 Mediolanensium
810 1930 921 2010 astitit,
944 1929 1088 2015 viditque
1104 1952 1158 1996 808
1173 1933 1257 2018 agri-

131 2012 274 2078 culturae
289 2033 420 2098 operam
436 2012 512 2077 dare
528 2021 560 2077 et
573 2014 679 2098 pone‘¹
691 2013 944 2112 unumquodque
959 2024 1100 2079 aratrum
1116 2038 1132 2081 e
1156 2015 1257 2081 uitem

130 2105 289 2162 armatum
317 2095 476 2162 incedere.
519 2095 624 2161 Nacta
653 2118 730 2182 ergo
760 2106 985 2182 oportunitate,
1016 2119 1090 2162 cum
1118 2037 1257 2163 clamore

132 2179 262 2246 militari
284 2183 318 2245 in
339 2202 394 2246 808
415 2182 518 2246 irruit.
552 2181 627 2264 Qui,
650 2181 791 2246 dimissis
814 2182 938 2264 aratris,
959 2182 1055 2267 fugae
1077 2182 1256 2268 presidium

131 2267 343 2351 arripuerunt,
380 2265 425 2329 At
446 2264 479 2329 hi
515 2265 626 2353 quiin
648 2266 777 2332 civitate
799 2274 899 2347 erant,
928 2267 999 2331 viso
1022 2266 1112 2348 duce,
1144 2277 1255 2353 portas

133 2348 316 2415 clauserunt
344 2370 404 2416 nec
437 2349 596 2435 fugientes
630 2351 734 2415 808108
762 2351 1010 2415 intromiserunt.
1059 2349 1149 2414 Alii⁰
1177 2372 1255 2499 8800

132 2455 153 2498 8
184 2432 341 2499 militibus
373 2433 465 2498 ducis
499 2433 605 2517 occisi,
639 2432 693 2498 alii
726 2445 800 2500 sunt
832 2435 928 2520 capti.
973 2434 1097 2521 Captus
1126 2443 1175 2500 est
1207 2436 1254 2498 ii

132 2537 153 2580 a
184 2518 268 2583 duce
307 2540 348 2584 ex
384 2515 679 2584 Mediolanensibus
712 2519 803 2584 miles
847 2516 1110 2605 pulcherrimusl,
1157 2519 1255 2584 armis

132 2601 268 2667 decorus
303 2623 341 2666 ac
375 2602 485 2666 sericis
513 2602 643 2668 indutus
676 2612 708 2668 81
736 2604 822 2667 omni
850 2600 1067 2669 membrorum
1101 2603 1254 2690 qualitate

132 2685 318 2772 spectabilis
328 2698 350 2750 ².
382 2687 462 2751 Dux
484 2687 593 2772 itaque
616 2686 741 2753 Cremis
764 2687 806 2752 ad
827 2687 1053 2773 imperatorem
1074 2688 1253 2757 revertitur.

131 2813 332 2824 ——·—-—-··

470 2849 638 2903 secema
655 2850 696 2902 η.
717 2851 809 2902 aaa.
830 2823 872 2903 a
885 2849 913 2902 8.

217 2936 342 3000 Eodem
370 2945 514 3022 tempore
541 2936 726 3001 Friderieus
754 2934 954 3000 Coloniensis
981 2934 1254 3022 archiepiscopus,

134 3021 190 3106 qui
212 3029 280 3085 erat
300 3021 335 3084 in
352 3020 465 3084 eadem
480 3019 695 3105 expeditione,
717 3041 796 3084 casu
811 3019 851 3084 de
866 3040 950 3105 equo
965 3040 1127 3101 corruens,
1150 3021 1253 3104 ruptis

133 3103 347 3178 interioribus,
379 3113 453 3189 post
483 3124 605 3189 paucos
637 3104 705 3168 dies
738 3102 826 3189 apud
847 3104 983 3189 Papiam
1016 3103 1117 3167 vitam
1138 3103 1253 3186 finivit,

134 3209 314 3275 corpusque
336 3188 405 3252 eius
427 3196 609 3253 exossatum
633 3187 674 3252 ad
696 3187 804 3251 sedem
825 3188 989 3273 propriam
1010 3184 1145 3252 relatum
1167 3196 1224 3252 est.

312 3273 366 3336 8.ss
415 3271 511 3336 Anno
532 3270 712 3336 dominicae
733 3270 959 3334 incarnationis
983 3270 1097 3336 1159.¹¹

220 3355 351 3454 [Domnus
362 3357 370 3398 ί
382 3368 527 3420 Reinoldus
544 3369 710 3433 0008881008
733 3367 917 3428 080081188188,
940 3353 981 3418 (le
997 3373 1060 3438 quo
1075 3353 1175 3418 multa
1188 3354 1253 3416 lam

133 3442 347 3525 premrsimus,
362 3441 434 3526 ipso
450 3441 643 3526 imperatore
654 3440 760 3504 missis
771 3448 803 3502 ct
814 3439 941 3523 scriptis
955 3446 1084 3523 petente
1095 3447 1127 3502 et
1138 3458 1253 3522 sugge-

133 3534 231 3600 rente,
244 3537 459 3602 archiepiscopus
470 3536 636 3588 coloniensis
648 3537 761 3588 ecclesie
773 3535 879 3601 eligitur
891 3540 923 3585 81
939 3534 1176 3596 constituitur,
1194 3520 1253 3584 sed

133 3607 277 3671 nondum
299 3617 512 3673 consecratur.
556 3623 669 3675 Hisdem
684 3623 778 3674 diebus
792 3623 945 3689 imperator,
960 3621 1110 3673 coadunato
1128 3622 1252 3674 universo

135 3698 262 3760 exercitu,
280 3700 373 3750 urbem
387 3699 510 3751 Cremam
524 3698 728 3749 munitissimam
747 3712 795 3766 per
809 3697 940 3747 78080888
959 3695 1141 3763 oppugnabat.
1175 3694 1253 3746 iliis

135 3778 248 3823 autam
270 3774 327 3838 qui
347 3774 441 3824 intus
461 3777 560 3822 88801
580 3770 734 3822 viriliter
752 3769 1050 3836 repugnantibus,
1077 3773 1107 3818 81
1131 3766 1252 3820 multis

134 3916 158 3969 a)
174 3918 262 3959 assaltu
278 3918 420 3968 appetebant
435 3919 477 3958 01.
508 3918 642 3970 108811.
681 3913 702 3967 e)
717 3926 747 3956 ex
762 3916 905 3960 8818801.
951 3913 975 3967 d)
991 3924 1063 3966 08008
1080 3913 1124 3955 01.
1165 3911 1188 3965 8)
1205 3913 1253 3954 Alli

135 3979 240 4028 -eapti
261 3977 369 4019 188,Δ1.
414 3975 613 4029 opulchsrrtmls
634 3985 657 4018 8.
679 3976 769 4017 decons
785 3976 833 4018 At.
850 3991 879 4011 =
895 3973 918 4026 g)
936 3976 956 4015 1.
972 3975 1017 4014 02.
1065 3971 1090 4024 h)
1108 3972 1172 4014 1159.
1192 3982 1251 4014 8888.

135 4037 201 4079 1118.
218 4036 259 4076 02.
327 4035 344 4087 1)
358 4036 464 4076 Domnus
480 4058 507 4067 -
524 4045 621 4087 cynares
637 4034 727 4083 redegit
742 4036 785 4075 des.
802 4036 846 4075 Bt.
863 4034 907 4086 02,
934 4035 972 4084 qus
986 4033 1137 4073 8888080888
1157 4031 1252 4071 cortinam

133 4095 168 4135 A:
183 4096 314 4146 Imperator
330 4095 459 4136 coadunato
475 4097 585 4135 universo
602 4114 628 4124 -
645 4093 705 4134 feltx
720 4098 817 4143 uterque
833 4094 865 4147 (0.
883 4091 935 4145 111)
951 4096 1057 4143 ranam.

135 4191 164 4257 1)
195 4189 384 4256 ‘Quaecunque
403 4191 436 4242 de
457 4189 564 4243 0888888
584 4188 719 4242 obsidione
745 4188 854 4254 08081118
879 4187 1039 4252 invenimus,
1067 4203 1113 4238 eae
1141 4185 1259 4236 88881808

134 4281 166 4316 ex
180 4271 262 4329 08818
280 4263 502 4316 narratiunculae
521 4272 591 4327 8881,
610 4263 682 4315 surde
701 4263 738 4313 ad
756 4279 798 4313 res
815 4267 903 4329 088188
920 4260 1112 4329 copnoacendas
1125 4257 1250 4310 81181188-

133 4336 374 4461 ῗιέἇίαἳεγροέἒίθ.
399 4337 539 4391 Lehmann
553 4354 585 4402 0.
605 4337 649 4387 37.
725 4335 754 4400 2)
775 4334 814 4402 CJ.
837 4334 946 4386 similem
968 4333 1151 4386 narrationem
1171 4329 1252 4382 Gesta

205 4446 211 4459 .
277 4448 284 4472 ,
342 4447 349 4462 .
