3102 4978
315 398 350 448 30
469 395 657 448 CHRONICA
676 393 789 446 RECIA
809 394 1054 447 COLONIENSIS
1073 396 1106 446 A.
1126 395 1282 447 err-975.
1339 468 1345 478 1

253 569 305 613 Ett-
389 571 434 620 34.
473 569 505 619 Α.
526 569 561 619 D.
582 568 643 620 971.
676 568 787 633 Signum
808 567 943 633 quoddam
962 571 1011 619 inlt
1031 569 1090 620 celo
1103 571 1177 635 ignei
1191 569 1288 622 eoloris
1304 575 1436 638 apparuit.

356 675 358 679 -
388 644 433 694 37.
471 642 504 692 Α.
524 642 560 691 D.
580 641 642 692 974.
681 642 744 692 Otto
764 643 910 708 imperator
929 657 997 694 anno
1017 645 1094 708 regni
1109 643 1151 694 sui
1164 643 1209 704 38,
1228 645 1334 712 imperii
1348 651 1437 696 antem

316 717 359 768 13.
379 717 459 779 obiit;
485 717 560 766 cuius
589 729 684 780 corpus
711 730 770 764 cum
796 717 901 780 magnis
924 715 1078 781 lugenoium
1106 719 1225 783 exequiis
1250 733 1267 768 a
1291 717 1347 770 filie
1372 734 1437 784 rege

313 791 368 840 iam
387 790 459 840 facto
477 787 636 840 translatum
657 789 738 838 estin
753 789 888 838 civitatem
901 783 1093 855 Magarburgh‚
1113 805 1192 855 quam
1206 791 1266 856 ipse
1281 794 1437 843 construxit.

317 864 380 929 Ipso
396 877 466 913 anno
482 867 590 913 sanctus
603 861 768 912 Udelricus⁰
782 863 973 928 episcopus
994 862 1181 915 defunctus
1201 869 1253 915 est
1271 860 1364 916 sunio(i
1380 867 1436 932 epi-

315 941 440 1004 scopatus
459 937 501 986 sui
521 934 566 987 50.

315 1008 394 1049 Anni
410 1008 532 1048 Ottonls
548 1007 584 1047 11.

388 1068 421 1118 Δ.
442 1067 468 1118 d.
487 1057 506 1118 i'.
526 1066 590 1129 976,
609 1066 643 1117 ab
662 1066 696 1118 U.
718 1071 808 1117 autem
828 1081 852 1117 c.
868 1066 947 1118 1726.
979 1067 1042 1119 Otto
1060 1068 1204 1133 secundus,
1222 1068 1316 1134 Magni
1330 1069 1437 1120 Ottonis

315 1138 395 1203 filius,
421 1139 465 1190 82.
490 1139 552 1190 loco
577 1139 611 1189 ab
634 1139 756 1204 Angusto
779 1155 895 1205 regnare
921 1141 1007 1207 cepit,
1033 1147 1060 1192 et
1084 1143 1161 1194 annis
1186 1157 1282 1193 novem
1305 1143 1437 1208 regnavit,

315 1213 464 1266 seeundum
484 1213 551 1263 alios
573 1212 616 1266 10.
647 1213 702 1262 Hic
720 1213 828 1264 vivente
846 1217 923 1279 patre
935 1215 964 1264 in
976 1241 1013 1252 —
1029 1214 1140 1266 -sede
1160 1215 1264 1266 locatur
1282 1220 1346 1266 tem
1353 1230 1437 1281 pore

315 1286 615 1352 Benedictipape.

190 1369 305 1420 daemone,
390 1359 440 1410 Cui
464 1360 595 1410 successit
618 1358 752 1408 Iohannes
777 1358 850 1422 XIV,
879 1361 974 1426 prius
999 1360 1084 1426 Papie
1111 1362 1305 1428 episcopus.
1350 1361 1436 1422 Quem

315 1433 471 1488 Bonifecius
491 1432 554 1481 VII.
582 1430 616 1481 de
647 1430 888 1498 Constantinopoli,
920 1449 972 1498 quo
1000 1435 1073 1500 prius
1102 1433 1216 1500 fugerat,
1245 1449 1377 1492 reversus,
1407 1435 1436 1484 in

316 1504 428 1557 castello
443 1505 536 1556 Sancti
548 1503 647 1570 Angeli
659 1504 851 1571 religavite
871 1511 898 1556 et
910 1505 980 1556 fame
996 1522 1218 1573 venenoque,
1239 1511 1269 1558 ut
1283 1506 1435 1574 perhibent,

322 1650 523 1660 .---·.--

368 1723 384 1739 l
654 1667 816 1720 Beoeasr'o
836 1669 927 1723 codd.
948 1670 974 1721 B
989 1670 1013 1720 l.
1034 1667 1091 1720 02.

153 1769 304 1812 maclarum.
389 1760 420 1810 A.
441 1761 467 1810 d.
488 1761 505 1811 i.
525 1760 588 1812 975.
608 1786 691 1798 ---
709 1760 856 1812 secundum
876 1761 1008 1812 alios10.
1046 1761 1118 1812 Huic
1137 1766 1214 1827 pater
1233 1761 1322 1813 adbuc
1342 1763 1437 1824 vivens
1480 1784 1485 1792 ¹

315 1833 397 1884 filiam
418 1833 545 1884 Iohannis
565 1833 710 1884 Creoorum
729 1835 897 1902 imperatoris
916 1834 1083 1901 Theophane
1101 1835 1209 1886 nomine
1227 1836 1256 1885 in
1281 1836 1437 1901 coniugium

315 1910 473 1970 sociaverat,
492 1905 623 1972 simulque
644 1922 705 1958 cum
729 1909 789 1974 ipso
808 1909 920 1975 nupcias
945 1909 1002 1959 eius
1021 1908 1105 1974 Papio
1131 1907 1323 1972 celebraverat,
1346 1924 1365 1959 a
1383 1925 1437 1977 qna

315 1979 399 2030 filium
423 1980 530 2030 nomine
553 1995 601 2031 suo
626 1981 758 2046 insignem
783 1981 920 2047 filiamque
945 1982 1078 2032 vocabulo
1103 1981 1213 2032 Mathilt
1237 1989 1436 2048 procreaverat.

313 2055 368 2104 Hic
381 2049 493 2104 Romam
505 2052 651 2120 profectus,
672 2069 760 2104 coram
780 2057 867 2106 tocius
886 2056 963 2120 regni
981 2055 1131 2122 principum
1149 2056 1302 2121 frequentia
1320 2055 1355 2106 ab
1372 2072 1436 2122 apo·

314 2126 410 2179 stolico
423 2127 515 2177 Leone
531 2141 604 2177 enm
617 2127 828 2192 Theophanu
840 2143 922 2178 uxore
935 2127 1069 2194 imperiali
1082 2128 1271 2179 benedictione
1286 2135 1437 2183 coronatur.

314 2201 439 2266 Suscepti
457 2199 548 2266 itaque
567 2201 672 2266 imperii
692 2203 892 2253 strennuissime
906 2201 1051 2267 disponens
1067 2201 1259 2265 moderamina,
1277 2201 1437 2252 Letharium

313 2289 404 2339 regem
425 2272 553 2324 secedere
580 2275 652 2338 cogit
675 2289 692 2323 a
712 2273 809 2336 Callia,
835 2291 902 2324 rem
927 2273 1104 2340 publicam
1127 2274 1278 2340 undique
1304 2291 1437 2342 augens

314 2352 348 2396 et
368 2347 540 2404 ordinans.
571 2345 707 2398 Defuncto
725 2353 787 2414 post
805 2347 856 2397 hec
868 2347 989 2397 Iohanne
1008 2347 1170 2414 imperatore
1184 2348 1340 2410 Crecorum,
1360 2355 1436 2415 patre

313 2419 488 2486 Theophane,
508 2418 614 2484 alioque
633 2434 697 2485 rege
717 2421 745 2470 in
764 2419 825 2470 loco
844 2421 900 2471 eine
919 2420 1072 2482 substituto,
1092 2435 1153 2470 cum
1171 2420 1224 2471 sibi
1244 2420 1277 2471 de
1298 2420 1436 2486 Calabria,

313 2496 403 2544 moris
418 2508 465 2543 sue
479 2491 635 2553 hereditate,
650 2498 807 2544 consuetum
821 2493 1000 2557 denegaretur
1015 2492 1151 2559 tributum,
1170 2494 1437 2547 affirmantibus

315 2567 449 2628 Grecis,
477 2565 630 2616 Calabriam
655 2581 709 2616 non
727 2565 893 2632 Theophane
917 2567 1105 2632 imperatricis,
1131 2567 1179 2618 sed
1206 2567 1387 2620 hereditatem
1411 2573 1439 2619 et

315 2640 405 2690 dotem
431 2653 491 2690 esse
514 2644 608 2690 sancte
635 2640 730 2700 crucis,
756 2655 836 2705 quam
855 2637 962 2690 Helena
986 2641 1081 2705 regina
1099 2640 1264 2691 Ierosolimis
1288 2643 1438 2703 inventam,

313 2718 417 2778 partem
436 2711 538 2763 ibidem
562 2711 679 2777 reliquit,
702 2718 805 2779 partem
827 2712 1085 2780 Constantinopolim
1111 2714 1220 2765 invexit.
1259 2714 1341 2766 Unde
1364 2714 1439 2765 idem

312 2786 457 2852 imperator
472 2786 512 2835 ira
526 2791 682 2847 commotus,
703 2801 763 2835 cum
784 2789 911 2846 exercitu,
931 2801 1010 2852 quem
1023 2787 1145 2838 habebat
1154 2789 1182 2836 in
1194 2789 1312 2852 presenti
1325 2803 1436 2838 numero

314 2860 477 2926 pauciorem,
492 2857 644 2910 Calabriam
660 2858 810 2924 ingreditur
829 2863 862 2910 et
875 2859 997 2912 Grecis
1017 2859 1144 2911 bellum
1163 2860 1302 2911 indicit.
1341 2859 1435 2922 Quod

314 2931 458 2984 audiens
478 2947 583 2983 novus
602 2948 677 2992 rex,
705 2938 919 2999 congregata
945 2932 1171 2984 multitudine
1198 2945 1347 2996 suorum,
1372 2932 1435 2983 Sar·

313 3020 491 3057 raeenorum
511 2998 611 3056 etiamf
625 3005 803 3072 plurimum
824 3007 1014 3057 exercitum
1033 3021 1096 3056 auro
1110 3009 1276 3070 argentoque
1289 3006 1436 3071 paciscitur

313 3078 342 3128 in
370 3078 498 3130 auxilium
533 3084 565 3129 et
589 3084 713 3129 contra
739 3081 927 3131 exercitum
952 3079 1174 3145 imperatoris
1200 3078 1337 3142 dirigit.
1383 3078 1435 3140 Qui

314 3167 376 3202 mox
393 3153 561 3218 imperatoris
582 3153 728 3202 exercitum
749 3151 927 3219 explorantes,
950 3153 1031 3218 pauci
1050 3157 1143 3203 contra
1160 3153 1248 3218 ipsum
1267 3150 1302 3202 ad
1321 3149 1436 3216 prelium

313 3222 529 3289 proficiscuntur;
555 3225 652 3290 reliqui
672 3240 763 3276 omues
782 3242 831 3292 per
853 3225 915 3278 loca
939 3225 1044 3276 insidiis
1070 3230 1201 3290 oportuna
1225 3225 1435 3288 circumquaque

315 3296 497 3364 disponantur.
534 3298 630 3364 Pugna
650 3299 804 3362 conseritur,
830 3313 920 3350 omnes
939 3299 1038 3363 pariter
1057 3297 1199 3349 Sarraceni
1221 3299 1435 3363 prosternuntur.

315 3370 417 3422 Insidie
440 3370 591 3437 undique
618 3375 843 3436 consurgunt,
869 3369 998 3422 bellum
1022 3371 1233 3436 ingravatur,
1258 3369 1434 3420 exereitus

314 3445 538 3511 imperatoris
557 3446 663 3510 sagittis
683 3445 869 3496 Grecornm
888 3441 990 3493 valde
1009 3443 1201 3494 sauciatur.
1243 3443 1355 3507 Iamque
1376 3440 1434 3491 diu-

315 3518 417 3568 tissimo
436 3517 521 3584 prelio
540 3522 685 3583 protracto,
705 3516 825 3584 plurimis
845 3517 951 3576 occisis,
971 3515 1087 3567 Romani
1111 3516 1216 3582 imperii
1240 3514 1436 3568 strennuissimi

315 3589 469 3642 defensores
494 3591 614 3653 Baccho,
639 3590 790 3652 Ekebartt,
810 3588 871 3640 Udo
897 3584 1021 3639 ibidemh
1045 3587 1248 3641 interficiuntur.
1285 3589 1435 3654 Imperator
1504 3586 1511 3598 ’

314 3677 378 3715 vero
408 3664 615 3714 confertissimas
644 3663 758 3714 hostium
787 3663 861 3712 aeies
886 3658 994 3727 inpetui
1017 3665 1225 3729 interrumpens,
1252 3667 1279 3713 et
1302 3661 1434 3727 utrimque

315 3737 386 3787 viam
405 3735 497 3800 gladio
516 3751 621 3798 secans,
640 3735 744 3798 lancea,
763 3733 848 3785 lorica
868 3735 1018 3800 ceterisque
1038 3737 1160 3786 omnibus
1179 3752 1232 3802 que
1252 3737 1326 3788 oneri
1346 3739 1436 3786 essent

314 3811 393 3860 iactis
418 3810 446 3858 iu
473 3823 553 3869 mare,
580 3823 649 3874 equo
676 3809 765 3868 etiam,
790 3809 834 3860 cui
857 3807 1002 3872 insederat,
1027 3807 1178 3878 deficiente,
1204 3809 1328 3861 fluetibus
1354 3807 1435 3858 maris
1499 3826 1504 3835 ·

314 3887 372 3934 tota
400 3883 504 3932 innatat
535 3887 623 3950 nocte.
667 3882 747 3932 Man'e
778 3897 841 3934 vero
867 3897 884 3932 a
904 3881 1084 3948 piscatoribus
1108 3887 1201 3950 captus
1228 3887 1255 3934 et
1278 3883 1338 3949 quis
1364 3883 1435 3930 esset

314 3956 502 4020 interrogatus,
528 3955 612 4004 occisi
636 3955 804 4021 imperatoris
829 3957 989 4021 armigerum
1014 3971 1043 4006 se
1068 3971 1127 4007 esse
1151 3955 1297 4022 respondit.
1340 3948 1433 4014 Quod

315 4025 447 4094 quidam
458 4028 580 4090 Romani,
594 4031 650 4093 qui
663 4025 858 4094 periculum
873 4031 991 4080 mortis
1005 4025 1219 4092 evaserantk,
1236 4026 1433 4084 audientes,

314 4117 362 4167 pro
391 4115 468 4152 servo
497 4099 633 4152 dominum
660 4102 752 4168 precio
777 4102 918 4166 redimunt,
943 4102 1056 4154 Romam
1083 4103 1161 4154 mesti
1185 4102 1286 4166 letique
1310 4095 1433 4148 redeunt.
1522 4132 1542 4150 a

314 4284 337 4338 a)
359 4282 379 4346 ο1.
399 4293 419 4326 c.
441 4284 465 4324 in
489 4295 509 4326 c.
531 4283 576 4336 02,
599 4285 638 4334 qur·
656 4285 744 4334 saepius
758 4286 872 4325 autorum
892 4285 988 4325 ordinem
1001 4285 1099 4326 mutavit.
1174 4280 1198 4334 b)
1214 4281 1342 4330 Magabnrg
1359 4271 1432 4320 Chi.

315 4341 491 4392 mulceret.
538 4341 562 4396 d)
578 4354 599 4384 a.
617 4355 637 4385 e.
654 4355 672 4384 s.
689 4345 727 4386 ed.
743 4345 846 4385 des.Bl.
893 4336 1431 4395 e)ueecorr.ar;rerer.0a=oatot-

314 4402 338 4454 ε)
353 4401 457 4445 Ekchart
472 4403 516 4444 02.
576 4401 600 4455 h)
617 4402 651 4444 ihi
666 4402 710 4448 Ch.
770 4402 788 4455 i)
804 4405 861 4444 deest
876 4403 920 4445 oa.
979 4400 1005 4454 k)
1021 4403 1148 4444 evaderent
1163 4401 1212 4440 131.
