2988 5058
281 388 338 440 354
495 383 651 437 MARTINI
672 379 918 435 CONTINUATIO
939 376 1190 432 COLONIENSIS.

372 549 589 636 Decrevitque
611 546 723 614 decem
745 555 858 634 captos
880 547 1041 611 exercitus
1064 543 1167 608 omnis

434 634 520 699 Huic
544 632 677 713 dandos,
700 654 780 718 quos
802 632 847 696 hii
868 630 1033 696 detinuere
1055 627 1126 692 sibi.

287 736 341 786 215
369 721 429 785 Est
448 719 501 783 hic
522 715 698 782 Ulixbonie
719 713 838 802 presul,
861 716 917 802 qui
939 723 985 778 tot
1006 715 1092 778 bona
1113 713 1229 776 nostris

435 799 587 883 Contulit,
608 810 658 864 ast
678 801 793 886 recipit
813 821 872 886 pro
895 798 1037 863 bonitate
1059 796 1189 860 malum.

371 889 429 952 Isti
475 886 626 970 orrigitur
648 885 689 949 ab
711 886 756 948 eis
803 905 840 948 ro
861 882 1011 947 necthare
1032 882 1140 962 mirra,

464 969 493 1034 el
514 990 573 1055 pro
595 966 698 1048 melle,
720 906 822 1032 sociiis
844 989 903 1053 pro
927 967 1067 1052 pietate⁸
1089 966 1148 1029 sui.

373 1055 425 1121 Sis
471 1055 573 1118 atiens
596 1052 644 1116 his
666 1053 837 1138 perversis,
860 1072 982 1136 precor,
1005 1051 1124 1136 optime
1146 1046 1265 1135 presul,

290 1154 344 1204 220
434 1077 480 1204 [lt
500 1159 560 1224 pro
583 1138 716 1202 terrenis
737 1136 792 1202 det
813 1136 872 1201 tibi
895 1157 1020 1199 summa
1041 1134 1148 1198 Deus!

375 1261 529 1408 *titt
543 1258 746 1405 ilili'dll
769 1277 841 1404 mi}
857 1264 971 1404 {isitii
990 1253 1295 1403 ialirlinemde'

220 1377 246 1422 ⁶
375 1427 439 1491 Hic
461 1434 535 1490 sunt
555 1434 604 1490 ter
625 1425 721 1524 quine
742 1362 1138 1521 pdtes,l1incgqiami1ue
1159 1420 1303 1507 figuram

438 1510 474 1576 Si
495 1511 631 1596 primam
654 1530 780 1594 iungas,
800 1530 930 1573 nomina
951 1516 1060 1572 nostra
1082 1528 1180 1571 creas.

291 1609 344 1659 225
374 1595 445 1660 Hec
468 1595 524 1682 qui
546 1593 664 1679 scripta
685 1592 775 1678 legis,
798 1615 860 1679 que
883 1592 987 1656 cernis
1009 1593 1043 1654 in
1065 1590 1114 1654 his
1130 1591 1236 1653 minus
1259 1599 1360 1674 apta,

436 1678 484 1744 Ne
505 1679 604 1742 risum
627 1686 786 1759 moveant,
807 1677 929 1762 corrige
951 1677 1019 1741 sive
1040 1675 1137 1740 terel'

375 1762 446 1844 Que
468 1762 563 1827 modo
586 1770 806 1842 metratenes,
830 1762 947 1847 partim
971 1761 1074 1825 tenuit
1095 1760 1183 1845 prius
1205 1756 1308 1841 alter,

438 1847 502 1928 Qui
524 1868 575 1911 me
598 1846 766 1931 promovit,
789 1844 902 1909 ultimo
925 1853 1027 1917 metra
1049 1852 1138 1910 teret.

374 1931 423 1996 Nc
445 1930 585 1994 mireris!
609 1930 639 1992 ei
662 1930 786 2014 scripsi,
808 1930 912 2014 gratia
934 1929 1027 1992 cuius

292 2028 346 2078 230
437 2015 523 2080 Nota
544 2011 623 2077 mihi
643 2013 757 2096 fuerat,
779 2035 837 2077 nec
860 2012 919 2078 tibi
941 2023 1035 2078 notus
1058 2033 1155 2076 eram.

726 2317 950 2327 --—--—--

825 2544 875 2595 IX.

480 2634 654 2688 MARTINI
673 2635 939 2688 CONTINUA'I'IO
961 2633 1223 2688 COLONIENSIS.

214 2769 280 2811 ηδε,
374 2740 464 2825 Papa
486 2761 614 2826 quoque
637 2738 785 2805 Clemens
813 2750 945 2827 quartus
968 2741 1061 2823 obiit;
1092 2741 1144 2803 cui
1165 2740 1420 2810 archidiaconus

290 2823 506 2904 Leodiensis1,
530 2825 586 2911 qui
608 2835 640 2890 et
662 2823 839 2910 Gregorius
862 2825 1005 2889 decimus
1029 2833 1078 2891 est
1099 2823 1215 2906 dicus,
1238 2831 1418 2913 successit3
1476 2857 1477 2860 ¹

290 2917 366 2993 post
387 2929 484 2993 quem
498 2908 702 2974 Innocentius
719 2909 852 2995 quintus
874 2930 961 2994 papa
976 2909 1155 2991 ordinatur3
1180 2910 1232 2973 cui
1246 2908 1420 2978 Adrianus

291 2993 420 3077 quintus
448 2994 610 3058 successit.
655 2993 717 3058 Cui
745 3002 777 3057 et
797 2991 957 3058 Iohannes
986 2993 1156 3058 vicesimus
1184 2993 1308 3092 primus
1339 2997 1417 3061 sub-

291 3076 442 3141 stituitur.
491 3078 571 3141 Post
602 3100 698 3164 quem
731 3075 882 3141 Nicolaus
914 3078 1032 3142 tercius
1066 3077 1302 3142 subord1natur.
1351 3081 1415 3146 Cui

215 3187 281 3228 1281.
291 3160 448 3225 Martinus
471 3171 604 3246 quartus
626 3162 790 3227 successit.

376 3242 544 3309 Cunradus
559 3267 687 3344 quoque
702 3245 962 3330 archiepiscopus
975 3243 1175 3311 Coloniensis
1190 3264 1264 3308 cum
1276 3246 1415 3314 sedisset

290 3331 382 3393 annis
403 3329 517 3414 viginti
538 3328 641 3394 trrbus
664 3350 736 3394 cum
762 3328 904 3412 dimidio,
928 3329 1063 3395 ecclesia
1089 3351 1148 3394 sua
1169 3327 1355 3395 Coloniensi
1376 3333 1412 3396 in

215 3429 280 3471 mm.
291 3435 417 3477 summa
431 3435 511 3498 pace
532 3411 694 3496 derelicta,
717 3412 797 3477 obiit
813 3423 845 3478 et
867 3413 1010 3512 sepultus
1033 3415 1136 3480 estin
1157 3414 1260 3478 noval
1274 3414 1412 3480 ecclesia

290 3497 376 3562 beati
398 3497 496 3578 Petri,
526 3497 617 3561 cuius
641 3508 672 3562 et
693 3499 834 3582 primum
854 3496 996 3582 lapidem
1017 3497 1223 3563 fundamento
1246 3499 1409 3585 imposuit,

290 3580 454 3648 mausoleo
471 3602 568 3667 super
583 3603 655 3645 eum
668 3580 753 3646 fusili
768 3581 992 3646 decentissime
1003 3581 1167 3646 fabricato.
1191 3581 1253 3646 Cui
1263 3582 1410 3650 dominus

290 3664 498 3750 Engilbertus
522 3663 562 3729 de
583 3663 796 3764 Falkinburg,
820 3666 963 3730 eiusdem
986 3667 1116 3730 maioris
1140 3664 1273 3731 ecclesie
1295 3689 1408 3754 prepo-

291 3750 381 3831 situs,
414 3749 464 3812 vir
495 3751 529 3813 in
559 3750 702 3834 negociis
735 3771 801 3814 surs
833 3751 964 3815 minime
996 3759 1214 3837 prosperatus,
1248 3753 1407 3818 successit.

290 3833 374 3897 Nam
402 3854 475 3897 cum
504 3831 546 3896 ad
573 3833 792 3919 reprimendas
820 3834 1023 3899 inimicorum
1049 3835 1274 3899 infestaciones
1296 3835 1407 3901 multo-

290 3918 378 3982 ciens
393 3925 458 3981 tam
469 3913 625 3981 nobilium
642 3938 738 4003 quarn
753 3917 1007 3984 ministerialium
1024 3919 1190 4004 copiosum
1205 3919 1409 4004 produxisset

293 4002 480 4083 exercitum,
518 4024 646 4088 semper
677 4012 785 4066 tamen
817 4025 899 4089 pene
931 4002 1061 4067 inferior
1091 4002 1270 4086 videbatur,
1303 4005 1346 4069 ita
1371 4015 1408 4070 ut

215 4103 312 4148 mosa
339 4087 456 4150 comite
477 4085 668 4150 Iuliacensi²
701 4087 734 4150 in
762 4085 833 4151 loco
862 4088 918 4173 qui
946 4087 1062 4152 dicitur
1082 4084 1279 4151 Marienholz
1290 4097 1311 4171 ³,
1343 4090 1406 4154 suis

292 4210 315 4263 a)
332 4214 474 4264 proprietate
491 4213 524 4256 ed.
584 4209 607 4263 b)
623 4223 692 4252 newa
707 4225 724 4254 c.

294 4303 322 4370 1)
347 4307 512 4359 llreohaldus
536 4306 569 4358 de
589 4305 734 4362 Placentia.
810 4309 837 4374 2)
864 4309 1004 4363 Wlhelmo.
1080 4308 1109 4378 3)
1129 4310 1205 4362 Inter
1228 4308 1364 4376 diametron
1382 4320 1408 4365 et

289 4378 446 4444 Lcckenick,
464 4397 548 4447 prope
569 4378 712 4434 Coloniam.
