3102 4978
277 447 333 498 XII
542 444 731 498 CHRONIOA
749 445 863 497 REGIA
883 445 1138 501 COLONIENSIS.

278 612 377 677 uerba
398 611 502 676 aliam
521 613 710 698 scriptorem
729 612 882 676 indicare
897 611 1078 677 aidentar1.
1125 614 1277 679 Historia
1292 615 1398 680 breuis

275 720 400 782 parum
421 711 597 780 temporum
620 719 736 763 caram
758 696 871 777 labet,·
895 720 926 759 a.
952 696 1153 763 1181.1182.
1175 710 1399 765 memorantur

280 805 363 868 qaae
387 804 418 844 a.
442 779 533 845 1185.
557 791 632 847 acta
649 790 745 862 sunt,·
767 803 821 844 res
835 782 1035 863 notissimae,
1059 792 1094 845 ut
1109 782 1264 848 Heinrici
1278 785 1397 850 Leonis

279 865 425 945 ceciliam,
449 865 603 930 Heinrici
631 866 682 931 VI.
705 867 853 948 nuptiae,
885 867 997 929 minus
1020 875 1174 930 accurate
1195 869 1397 951 traduntur,·

279 971 405 1014 errores
428 949 599 1015 abundant
621 959 650 1014 et
664 951 854 1034 scriptorem
866 947 1022 1033 fontibus
1037 950 1224 1015 destitutum
1240 963 1398 1038 arpuant.

280 1033 378 1098 Anno
393 1033 483 1098 1188.
499 1034 625 1100 litterae
644 1035 771 1099 Urbani
782 1055 898 1118 papae
920 1035 1123 1116 inseruntur,
1146 1037 1202 1100 sed
1217 1058 1302 1120 quae
1322 1058 1397 1102 asoa

280 1120 319 1183 de
336 1140 435 1204 papa
456 1118 598 1204 lepatam
620 1121 761 1183 mittente
784 1119 903 1182 addita
924 1127 1002 1182 sunt
1024 1120 1070 1183 ad
1092 1117 1289 1205 Greporiam
1310 1121 1397 1187 VIII.

279 1212 442 1288 spectant,
476 1205 572 1268 cuius
600 1205 831 1268 successionem
854 1200 963 1287 fastis
993 1213 1069 1288 post
1099 1204 1219 1268 intulit.
1270 1205 1399 1270 Nihilo-

279 1290 390 1350 minus
423 1287 501 1351 inde
529 1287 568 1352 ab
598 1289 656 1352 lcoc
679 1285 758 1372 fere
785 1295 924 1370 tempore
957 1289 1110 1353 narratio
1138 1290 1301 1372 copiosior
1317 1311 1398 1373 pro-

280 1371 373 1452 cedit,
402 1372 567 1456 eupeditio
591 1373 791 1457 praesertim
820 1371 986 1436 Friderici
1012 1371 1039 1434 I.
1073 1373 1109 1435 in
1137 1373 1271 1436 Terram
1297 1373 1401 1438 Sanc-

280 1465 348 1520 tam
381 1465 531 1540 suscepta
556 1454 676 1541 fresiae
713 1477 753 1519 ea
779 1458 909 1536 onitur,
946 1464 982 1519 at
1017 1455 1206 1520 relationem
1243 1459 1400 1542 scriptam

282 1548 398 1604 auctor
411 1540 602 1604 adhibuisse
620 1561 733 1623 censen
759 1563 799 1603 us
814 1540 865 1620 sit,
887 1539 943 1602 cui
982 1539 1124 1604 uaedam
1139 1562 1179 1604 ea
1197 1563 1287 1626 capa
1298 1540 1401 1627 fama

280 1633 363 1687 nata
389 1633 467 1687 sunt
495 1625 652 1690 ineerta².
695 1624 774 1687 Non
796 1621 909 1687 semel³
933 1563 980 1686 ad
994 1623 1119 1709 populi
1140 1645 1302 1689 rumorem
1318 1647 1400 1710 pro·

281 1709 418 1788 uocauit,
448 1709 504 1773 sed
526 1712 623 1772 etiam
645 1707 800 1792 epistolas
844 1729 907 1770 aas
928 1716 1046 1771 nactas
1075 1716 1120 1771 eet
1141 1711 1271 1794 recepit,
1301 1719 1329 1772 et
1350 1731 1403 1773 res

281 1815 347 1856 non
376 1791 479 1857 solum
507 1794 544 1856 in
569 1791 750 1856 Germania
779 1801 808 1856 et
823 1731 941 1872 Italic,
971 1792 1028 1855 sed
1055 1795 1152 1856 etiam
1182 1795 1219 1856 in
1241 1794 1401 1876 Francia,

281 1877 466 1961 Hispania,
495 1878 648 1964 Unparia
670 1885 788 1962 pestus,
811 1885 970 1961 quantam
986 1878 1108 1961 potuit,
1137 1879 1311 1943 memoriae
1332 1888 1401 1942 tra·

281 1961 378 2042 didit,
401 1983 499 2045 quam
520 1964 662 2025 manime
687 1982 763 2025 uero
786 1961 1009 2044 cupeditiones
1029 1962 1067 2024 in
1090 1962 1223 2026 Terram
1245 1962 1404 2027 Sanctam·

277 2055 482 2129 prosecutas,
510 2046 548 2109 de
570 2046 712 2109 ltistoria
734 2045 857 2110 saccali
872 2044 947 2108 XII.
963 2047 1121 2127 erceientis,
1144 2047 1236 2110 XIII.
1259 2049 1403 2111 ineuntis

282 2132 401 2214 optime
432 2130 567 2194 meritus
596 2139 650 2194 est.
695 2130 741 2193 Im
770 2129 954 2194 oratoribus
984 2129 1148 2208 addictas,
1178 2152 1261 2214 qaae
1291 2131 1400 2194 arcti·

282 2215 429 2298 episcopi
458 2213 635 2298 Philippus
663 2223 692 2276 et
752 2212 863 2299 aoros
892 2222 1007 2276 contra
1034 2234 1086 2276 eos
1115 2221 1251 2298 eperunt
1277 2217 1402 2278 tacuit⁴

306 2298 422 2380 uidem,
457 2296 528 2362 alia
557 2320 631 2362 uero
662 2299 743 2361 satie
772 2296 913 2360 candide
940 2297 1101 2383 eaposait,
1128 2296 1238 2378 Adolfl
1265 2319 1401 2362 causam

282 2321 468 2466 dffersdens,
491 2391 559 2444 tam
581 2404 653 2444 cam
681 2380 824 2443 Ottonem
846 2379 870 2442 I
873 2379 904 2444 V.
926 2401 1033 2464 repen
1055 2379 1240 2464 stipendum
1263 2381 1402 2462 duceret,

282 2489 381 2552 qaam
399 2475 514 2550 postea
543 2487 616 2528 cum
644 2465 888 2550 ‘pravissimam
915 2473 943 2527 et
970 2463 1168 2548 impossibile
1195 2466 1265 2548 ipsi
1276 2464 1402 2550 fuisset

281 2551 408 2614 crunctis
419 2571 503 2634 pene
512 2548 727 2633 principibus
741 2550 905 2612 contraire
920 2557 948 2611 et
958 2557 1071 2612 contra
1086 2570 1194 2612 eoram
1206 2548 1402 2614 uoluntatem

282 2644 311 2699 et
332 2655 524 2698 consensum
545 2655 606 2717 pro
629 2655 688 2696 sao
708 2630 784 2696 aelle
800 2632 987 2697 Romanum
1008 2634 1184 2715 imperium
1205 2634 1400 2717 disponere',

281 2720 417 2803 ideoque
430 2717 555 2781 Odonis
561 2727 677 2801 partes
689 2716 871 2801 relinquere
883 2726 995 2781 etcum
1003 2715 1157 2801 Philippo
1165 2715 1402 2803 pacemfacere

283 2805 389 2867 eat-ias
410 2803 584 2868 iudicaret.
628 2802 726 2876 Hanc
756 2810 855 2864 antea
884 2824 924 2864 ne
953 2801 1066 2865 ducem
1095 2802 1186 2865 dicat
1211 2801 1403 2886 pleramque

282 2885 445 2952 ‘Saeuam'
482 2887 640 2967 nominat,
672 2907 919 2971 nonnumquam
948 2906 1023 2948 uero
1053 2887 1122 2949 iam
1150 2888 1239 2970 repis
1271 2889 1402 2950 nomine

282 2969 413 3035 salutat.
456 2970 572 3034 Eidem
594 2971 750 3054 scriptori
771 2991 872 3053 usque
895 2971 941 3034 ad
963 2985 1089 3034 annuae
1112 2968 1204 3034 1199.
1227 2972 1400 3034 continua·

283 3057 401 3119 tionem
423 3054 543 3136 deberi,
565 3053 741 3119 uerisimile
757 3063 821 3136 est;
845 3055 995 3140 quamuis
1012 3051 1159 3118 ultimam
1181 3055 1253 3118 eius
1273 3062 1401 3138 partem

282 3141 437 3222 temporis
468 3139 608 3202 decursu
641 3138 790 3202 additam
824 3161 889 3202 esse
917 3147 1069 3224 pateat⁵3
1106 3160 1207 3224 neque
1237 3138 1296 3202 diu
1324 3148 1403 3224 post

282 3222 446 3286 calamam
461 3224 643 3306 deposuitt.
687 3222 728 3285 Id
744 3222 942 3306 quodetiam
959 3223 1068 3286 codice
1083 3220 1145 3286 At
1161 3223 1401 3307 comprobatur,

283 3329 323 3370 ecc
351 3329 414 3392 quo
437 3307 645 3391 primaevam
673 3307 772 3370 laius
801 3309 911 3391 operis
930 3304 1080 3391 formam
1102 3307 1170 3370 iam
1192 3307 1402 3392 copaooimus

282 3414 407 3456 necnon
431 3413 550 3455 nouam
573 3391 851 3455 continuationem
875 3392 1071 3474 accepimus.

367 3476 478 3540 Etiam
510 3476 597 3539 lanc
629 3473 782 3540 Coloniae
815 3475 880 3539 sive
910 3494 1017 3558 prope
1043 3472 1210 3539 Coloniam
1243 3475 1402 3560 scriptam

285 3637 313 3705 1)
339 3638 436 3690 Verba:
456 3639 583 3690 scismate
602 3643 743 3689 sanctae
764 3636 911 3700 ecclesiam
930 3638 1019 3689 unitas
1039 3642 1183 3688 sanctae
1204 3638 1293 3689 matris
1314 3637 1402 3688 eccle-

283 3716 350 3766 stae.
389 3710 475 3778 Saepe
501 3709 586 3763 uerbis
614 3727 708 3762 sacrae
736 3709 886 3775 scripturae
912 3709 1029 3776 loquitar
1052 3709 1092 3778 (a.
1119 3709 1197 3762 1198.
1226 3707 1334 3776 1199.),·
1362 3711 1405 3762 uel
1466 3725 1468 3731 ·

282 3786 357 3853 culpi
375 3784 447 3838 dicta
464 3782 546 3852 infert
564 3783 701 3852 (a.1198:
721 3789 752 3836 ut
769 3785 940 3836 necessitatis
961 3786 1095 3852 proprium
1115 3788 1167 3846 est;
1188 3801 1214 3834 a.
1227 3785 1312 3834 1199:
1333 3786 1404 3836 sicut

284 3875 317 3910 es
337 3865 395 3911 etas
425 3861 514 3926 sepius
534 3860 647 3924 prodiga
677 3864 718 3909 est
747 3865 774 3910 et
802 3858 956 3925 inprovide;
982 3860 1053 3910 sicut
1077 3874 1119 3909 res
1145 3864 1185 3909 est
1203 3858 1323 3924 inquieta
1342 3857 1401 3907 feli·

285 3930 374 3999 citas).
450 3931 480 3997 2)
505 3930 535 3983 V.
549 3949 581 3996 p.
604 3932 663 3983 146.
682 3949 710 3982 n.
727 3931 751 3982 1.
827 3928 856 3997 3)
877 3948 903 3982 a.
927 3932 1005 3985 119⁷.
1028 3930 1107 3983 1198.
1146 3930 1190 3981 Ea
1208 3948 1276 3998 copo
1295 3946 1401 3982 ramore

283 4012 350 4058 nata
369 4022 424 4058 esse
443 4004 574 4068 uidemur,
594 4021 662 4070 quae
683 4023 710 4058 a.
731 4005 811 4056 1195.
833 4004 1080 4057 lastemarico
1104 4013 1207 4056 mortuo
1233 4012 1257 4055 et
1282 4001 1401 4055 restituto

283 4088 443 4131 narrantur.
489 4078 619 4129 Vocabalo
638 4081 729 4142 nostri,
755 4095 806 4144 qao
825 4077 933 4144 saepius
953 4087 1045 4130 auctor
1064 4076 1156 4142 utitur,
1176 4077 1277 4130 litteras
1297 4076 1401 4128 alienas

285 4152 409 4214 indicari,
421 4151 560 4204 Lehmann
565 4169 596 4218 p.
608 4151 642 4202 5⁷
646 4190 652 4205 .
666 4153 790 4219 opinatus
802 4160 846 4203 cst.
874 4149 929 4204 Sed
939 4149 1037 4204 ‘nostri'
1050 4152 1128 4204 etiam
1142 4152 1195 4203 alio
1210 4152 1264 4203 loco
1278 4149 1401 4201 occurrit

256 4227 261 4238 '
284 4225 314 4293 4)
335 4224 524 4292 &Lehmann
538 4243 570 4291 p.
584 4227 619 4278 ts
632 4243 686 4292 sqq.
712 4226 781 4288 ‘Qus
798 4226 887 4276 minas
906 4233 974 4277 recte
993 4226 1026 4278 de
1044 4226 1170 4278 manacta
1187 4222 1400 4276 &Pantaleonis

284 4301 388 4367 copitat.
462 4297 492 4365 5)
514 4298 584 4350 Nem
604 4316 673 4366 qaae
692 4318 717 4351 a.
733 4300 813 4350 1195.
833 4305 857 4352 et
873 4300 952 4351 1199.
971 4299 1111 4352 deIsoaco
1129 4297 1400 4364 imperatorcGraeco

283 4381 435 4425 narramur
452 4371 522 4426 inter
538 4390 566 4425 se
580 4379 714 4440 pugnant.
788 4373 816 4438 6)
835 4373 914 4424 Anno
933 4382 1000 4425 certe
1022 4374 1099 4424 1204.
1125 4389 1193 4438 quoe
1204 4371 1281 4436 falso
1300 4370 1334 4422 de
1352 4369 1400 4421 im-

278 4455 405 4515 peratore
414 4446 510 4500 Isaaco
520 4447 647 4500 retulerat
658 4447 834 4509 emendasset5
847 4445 918 4497 utin
930 4445 1081 4498 recensione
1094 4445 1213 4498 secanda
1221 4451 1284 4496 sant
1293 4442 1400 4496 omissa.
