3122 4978
73 940 76 946 ,
133 870 268 953 nobiles,
291 873 436 936 certatim
458 873 499 937 ad
522 895 585 938 eun

208 443 393 496 CHRONIOA
413 445 524 496 nacla
547 444 799 497 COLONIENSIS.
821 444 924 496 CONT.
935 445 988 496 ΙΙΙ.
1008 445 1040 496 Α.
1053 445 1132 497 1208.
1201 444 1254 495 227

532 619 700 670 Rcceaaio
721 618 746 670 Ι.
765 627 795 670 et
814 618 856 670 ΙΙ.

134 700 321 767 Coloniam⁸
332 703 463 768 veniens
475 705 650 769 secundum
660 713 850 789 preceptum
882 725 962 789 apae
973 706 1043 769 eius
1055 704 1256 770 obedientiae

135 788 191 852 seb
221 787 432 870 submisisset,
466 789 562 853 ceteri
586 809 721 936 (puoque
754 789 822 852 eius
853 727 1025 871 dustrem,
1062 789 1194 854 comites
1225 800 1256 855 et

609 895 660 936 ern
681 873 845 937 venientes
866 871 1027 939 fidelitatis
1041 874 1254 938 iuramentum

134 957 348 1043 prestitissent
384 968 416 1021 et
452 956 582 1022 obedire
604 959 841 1043 promitterent,
871 955 1047 1042 languore‘l
1077 959 1256 1043 corripitur,

134 1050 167 1106 et
187 1042 221 1104 in
243 1050 348 1104 castro
392 1041 457 1105 uod
484 1042 600 1105 dicitur
620 1039 919 1106 Blankenberch⁰·¹
951 1063 1011 1126 per
1038 1040 1160 1128 aliquot
1187 1041 1256 1108 dies

133 1127 167 1188 in
188 1123 272 1189 lecto
294 1063 468 1208 decubans,
498 1127 645 1212 sequenti
673 1125 726 1189 die
753 1134 828 1210 post
853 1124 970 1190 festum
999 1129 1142 1190 omnium
1164 1147 1352 1191 sane-rosa

133 1221 239 1274 torum
261 1219 363 1274 morte
383 1211 578 1296 prevenitur.
617 1209 665 1275 Oo
706 1232 744 1275 us
766 1211 834 1273 eius
853 1207 1041 1274 Coloniamf
1060 1220 1257 1294 reportatum

134 1295 168 1357 in
202 1295 318 1357 maiori
353 1292 488 1358 eeclesia
526 1295 636 1360 beati&
693 1295 753 1358 etri
785 1291 923 1379 apostoli
955 1315 1029 1358 curn
1061 1292 1192 1379 planctu
1226 1306 1258 1360 et

133 1378 277 1442 lacrimis
299 1376 509 1464 plurimorum
533 1377 694 1464 sepelitur.

219 1463 349 1526 stema*
381 1484 466 1526 anno
497 1463 629 1527 Domini
661 1464 758 1542 1008,
791 1461 833 1526 ab
863 1461 954 1526 Urbe
986 1472 1095 1526 autem
1127 1462 1258 1528 condita

138 1545 230 1627 1959,
261 1546 428 1632 completis
455 1547 496 1612 ab
520 1548 643 1632 origine
665 1546 778 1610 mundi
807 1546 916 1610 annisi
948 1569 1006 1610 sex
1027 1545 1157 1612 milibus
1180 1569 1257 1633 qua-

138 1630 316 1714 dringentis
339 1640 471 1718 septem,
494 1632 529 1695 in
543 1631 624 1696 festo
647 1633 749 1696 sancti
764 1631 895 1696 Martini
915 1629 1002 1716 apud
1017 1630 1369 1697 mankinvortkrcm.

139 1713 369 1779 celeberrimus
392 1726 569 1780 conventus
590 1718 775 1802 principum
795 1715 881 1796 fuit¹,
910 1725 943 1778 et
963 1725 999 1778 ut
1019 1714 1128 1800 plures
1149 1717 1258 1781 testati

139 1808 213 1870 sunt
228 1798 283 1885 qui
296 1809 460 1885 presentes
475 1800 617 1882 aderant,
639 1822 704 1864 non
725 1801 759 1863 in
804 1798 927 1864 luribus
941 1799 1034 1862 annis
1055 1807 1104 1863 tot
1123 1798 1258 1882 nobiles,

135 1892 184 1948 tot
207 1893 354 1968 potentes
377 1883 508 1948 insimul
530 1885 727 1949 convenisse.
791 1883 826 1948 bi
842 1883 920 1949 Otto
941 1905 1000 1947 rex
1022 1882 1193 1948 93.**loco
1215 1907 1235 1949 a

135 1971 284 2052 Augusto
307 1967 349 2032 ab
372 1969 522 2034 omnibus
543 1969 578 2031 in
599 1990 634 2032 re
659 1990 710 2032 em
726 1966 864 2068 eligitur,
887 1968 1036 2031 diadema
1057 1989 1131 2031 cum
1147 1967 1258 2033 lancea
1335 2045 1337 2050 ¹

137 2052 296 2138 imperiali
311 2054 343 2116 ei
356 2053 546 2137 assignatur,
562 1991 784 2138 filial'hilippr
799 2054 885 2138 regis
907 2071 980 2115 curn
996 2052 1152 2116 universis
1175 2075 1257 2138 quae

136 2136 325 2222 possederat
345 2137 379 2201 in
401 2136 509 2201 dotem
532 2137 562 2202 ei
585 2136 707 2202 daturl.
752 2137 844 2218 Quae
867 2137 962 2200 etiam
985 2157 1094 2200 coram
1121 2159 1197 2222 rege
1226 2147 1257 2201 et

135 2221 336 2307 principibus
359 2222 399 2285 de
421 2233 522 2286 morte
544 2222 645 2307 patris
668 2232 853 2307 conquesta,
875 2219 996 2284 iudicio
1018 2221 1162 2284 omnium
1182 2243 1255 2306 pre-

137 2304 240 2369 dictus
268 2304 429 2392 palatinus
459 2315 491 2371 et
520 2308 590 2370 eius
615 2305 785 2371 fautoresm
813 2304 1058 2391 proscribuntur
1084 2314 1117 2369 et
1143 2304 1255 2391 damp-

135 2400 262 2455 nantur.
305 2389 357 2454 Ibi
371 2414 431 2455 rex
445 2391 560 2476 primu,
584 2390 699 2456 deinde
717 2391 815 2455 ceteri
829 2389 991 2474 principes
1007 2389 1115 2452 iurant
1127 2389 1254 2454 firmam

134 2470 247 2560 pacem
270 2484 373 2540 terrae
394 2476 540 2561 marique
564 2475 765 2557 servandam,
788 2496 899 2538 omnes
920 2474 1055 2537 iniustas
1072 2474 1254 2538 exactiones

133 2557 341 2643 vectigalium
363 2559 579 2644 deponendas,
609 2561 718 2623 omnia
739 2561 834 2624 etiarn
857 2560 929 2623 iura
950 2580 969 2621 a
991 2557 1112 2622 Karolo
1132 2557 1253 2643 Magno

136 2643 304 2707 instituta²
320 2642 520 2708 observanda
535 2653 567 2708 et
581 2643 730 2709 tenenda.
817 2641 968 2708 Generali
984 2642 1084 2727 igitur
1098 2640 1253 2708 electione

136 2725 289 2791 Coloniae
322 2728 441 2810 habita,
463 2727 626 2813 prioribus
659 2751 724 2792 non
757 2725 1036 2808 concordantibus,
1057 2749 1116 2790 rex
1147 2727 1252 2791 missis
1357 2773 1360 2778 ·

133 2810 247 2876 litteris
268 2811 443 2876 adventum
466 2835 558 2878 suum
583 2811 752 2898 prestolari
773 2812 929 2899 deposcit.
974 2810 1038 2891 Qui
1061 2812 1158 2876 etiam
1178 2823 1252 2876 ante

133 2895 260 2960 natalen
295 2896 430 2962 Domini
466 2895 633 2962 Coloniam
667 2898 810 2978 veniens,
847 2917 920 2960 cum
953 2895 1073 2960 honore
1109 2897 1252 2960 maximo

134 2981 321 3067 suscipitur3
344 2979 401 3044 ubi
421 2980 640 3045 Theodericus
649 2994 673 3062 ⁰,
695 2981 878 3066 prepositus
902 2979 1092 3044 Sanctorum
1114 2979 1252 3065 Aposto-

133 3064 248 3145 lorum,
281 3066 351 3129 eius
382 3063 515 3129 consilio
542 3074 575 3129 et
602 3065 723 3129 auxilio
756 3063 797 3128 ab
827 3064 976 3128 omnibus
1004 3065 1038 3125 in
1065 3064 1252 3148 episcopum

134 3148 272 3234 eligitur,
288 3160 320 3214 et
335 3171 354 3212 a
370 3149 494 3213 cunctis
508 3148 671 3214 nobilibus
687 3159 790 3213 terrae
811 3148 883 3233 ipsa
904 3145 1018 3212 electio
1041 3146 1251 3232 approbatur.

132 3232 266 3318 Regalis
288 3255 418 3320 quoque
433 3233 473 3299 de
488 3255 587 3298 manu
609 3233 678 3297 eius
702 3233 889 3316 suscipiens,
912 3231 1067 3295 ducatum
1089 3230 1252 3316 Angariae

134 3357 173 3366 -
212 3315 363 3404 Philippo
404 3317 527 3383 felicisP
567 3317 742 3382 memoriae
786 3314 971 3380 Coloniensi
1010 3313 1251 3400 archiepiscopo

133 3423 153 3464 a
180 3400 347 3466 Friderico
377 3403 569 3489 imperatore
598 3401 792 3484 traditum,
822 3421 863 3463 ex
889 3400 959 3463 ulso
986 3398 1141 3463 Heinrico
1169 3397 1252 3462 duce

134 3485 307 3568 Senoniae,
339 3498 430 3572 patre
451 3487 554 3573 ipsius
576 3487 671 3570 regis,
695 3525 735 3534 -
758 3507 832 3550 curn
855 3421 977 3549 ducatu
998 3481 1250 3569 Locharingiaer

194 3648 223 3714 *)
243 3649 386 3700 Paridem
405 3657 511 3717 ternpus
529 3652 558 3702 in
576 3652 645 3702 festo
666 3647 694 3701 0.

177 3719 223 3785 **)
243 3724 288 3774 93.
306 3722 325 3772 l.
347 3724 381 3773 ab
400 3725 433 3774 A.
452 3725 508 3775 dea.
529 3723 557 3776 0.

198 3792 223 3860 ll
243 3797 394 3860 assignatur
414 3795 442 3860 0,
461 3797 509 3848 ssi
527 3799 602 3860 Quas
625 3823 655 3835 -
678 3797 855 3862 dampnantur
873 3795 928 3846 dea.

1 3919 2 3981 l
34 3961 37 3966 ·
130 3939 154 3990 a)
171 3941 269 3982 colonie
286 3943 307 3983 0.
336 3940 425 3991 b)dcsst
441 3944 482 3984 01.
514 3941 535 3994 c)
544 3943 643 3983 ractores
660 3944 681 3984 0,
713 3940 737 3993 d)
746 3942 842 3991 langore
859 3943 880 3982 C.
897 3941 1130 3992 cn-promnntur
1144 3941 1250 3984 aduol.

130 3999 154 4051 e)
170 4001 336 4045 Blankenbers
352 4003 396 4052 01,
412 4013 438 4040 m,
451 4007 533 4052 poster.
550 4013 609 4043 corr.
624 4001 789 4050 Blandenberg
805 4003 850 4050 025
866 4001 1026 4050 Blankinberg
1041 4000 1088 4040 Bl.
1140 3999 1253 4052 opium

129 4060 199 4099 uncae
214 4062 302 4100 arubae
318 4062 345 4110 0,·
361 4060 458 4102 colonie
474 4062 521 4101 Β1.
581 4059 605 4112 g)
621 4062 696 4100 sancti
710 4061 760 4102 Bl.
821 4059 908 4111 macas!
924 4062 966 4101 02.
1027 4057 1100 4110 ilport
1115 4061 1187 4110 suppl.
1203 4060 1251 4102 Β1.

129 4117 154 4170 k)
169 4120 331 4161 Frankenvort
339 4121 385 4169 013
401 4120 605 4161 Frankinfortoa.
644 4119 777 4170 introito,
792 4120 888 4159 stituit
903 4125 929 4159 nt
945 4121 1022 4160 etism.
1054 4117 1086 4169 m)
1102 4117 1202 4160 ractores
1211 4121 1252 4160 01.

128 4176 154 4228 n)
174 4180 261 4220 natalie
276 4191 333 4219 cerr.
351 4181 459 4220 nataleC.
542 4179 565 4230 o)
582 4180 686 4220 Tecmo.
777 4177 801 4230 p)
818 4179 884 4219 felici
899 4178 949 4219 Β1.
967 4180 988 4220 8.
1006 4180 1028 4222 0.
1045 4179 1090 4228 Οἱς
1113 4178 1201 4228 phalici
1218 4181 1251 4219 01

128 4235 153 4287 q)
169 4237 288 4288 nomem
303 4239 380 4279 Lotar.
398 4241 438 4281 01,

130 4369 159 4434 1)
179 4371 216 4422 ad
233 4370 296 4440 Sisy
307 4370 432 4439 flitmum.
534 4369 564 4436 2)
584 4369 624 4437 Of.
643 4370 723 4422 Pacis
749 4371 867 4421 obortam
893 4389 910 4420 a
935 4368 1074 4422 Fridcricc
1093 4369 1117 4420 Ι.
1142 4371 1246 4435 datam,

127 4445 199 4496 Acta
216 4445 279 4510 imp.
295 4465 326 4512 p.
349 4447 410 4497 130.
485 4444 515 4512 3)
536 4443 576 4512 Qt'
596 4462 681 4511 supra
701 4462 727 4496 c.
750 4445 828 4505 1180,
843 4461 875 4510 p.
896 4444 962 4496 130.

955 4530 1019 4593 15*
