3102 4978
210 348 245 396 24
288 380 293 390 ·
474 343 662 397 CHRONIOA
681 345 793 396 auem
813 342 1065 396 COLONIENSIS.

285 519 453 583 Quomodo
474 518 635 571 Conrado
655 518 985 570 mortuoHeinricus
1004 517 1104 580 Saxo,
1124 515 1223 568 lilius
1237 517 1331 569 Otto·

211 595 278 657 nis,
298 595 329 644 ei
348 594 576 645 successerit.

285 667 371 731 Igitur
396 665 512 717 Karolus
540 669 693 731 susceptum
723 668 815 714 contra
840 663 960 714 Saxones
989 663 1104 724 bellum,
1134 662 1206 728 quod
1235 678 1333 728 magua

210 745 382 805 utrorumque
412 740 593 800 animositate,
623 738 722 786 maiore
751 741 841 787 tamen
868 736 1002 786 Saxonum
1029 737 1144 803 dampno
1174 751 1221 802 per
1247 737 1332 786 conti·

211 828 279 864 nuos
299 812 334 861 30
354 827 438 863 annos
457 816 571 862 tractum
592 815 642 871 est,
662 825 695 860 ea
714 809 873 861 condicione
898 814 1002 868 constat
1027 826 1084 879 ease
1109 807 1211 860 finitum
1237 837 1271 846 -
1299 836 1331 846 -

213 901 303 936 coram
317 887 388 936 omni
400 885 500 952 populo
513 885 677 934 Francorum
693 888 773 949 atque
788 883 931 934 Saxonum.
961 881 1062 934 illaleh.
1073 899 1103 947 p.
1119 883 1179 932 161.
1195 883 1255 932 179.
1271 882 1332 932 180.

213 958 263 1011 Cui
278 974 337 1009 cum
354 961 434 1009 uncio
448 963 475 1008 et
489 956 615 1007 diadema
630 984 660 992 -
675 981 712 992 -·
725 957 827 1007 amicus
840 957 912 1019 regis
926 955 1077 1021 appellatus
1091 962 1139 1006 est.
1172 957 1230 1006 Rex
1244 962 1332 1006 autem

211 1032 356 1082 Heinricus
376 1031 409 1082 de
430 1031 473 1082 dic
486 1033 515 1080 in
528 1031 599 1082 diem
614 1057 647 1066 -
661 1056 693 1068 -
711 1036 803 1080 contra
822 1028 938 1080 Galliam
956 1033 983 1078 et
995 1028 1116 1080 Letharii
1125 1044 1249 1094 regnum.
1282 1029 1334 1091 Qui

213 1106 295 1155 etiam
308 1104 488 1156 Gliselbsrtum
502 1103 597 1154 ducem
611 1102 732 1168 Belgice,
752 1102 868 1153 nobilem
882 1103 1016 1164 iuvenem,
1037 1103 1199 1168 desponsata
1212 1103 1263 1153 sibi
1277 1100 1334 1152 filia

213 1194 261 1228 sua
289 1179 396 1228 nomine
425 1178 566 1242 Gerbirga,
592 1175 722 1226 affinitate
748 1176 847 1242 pariter
870 1180 898 1225 et
922 1177 1047 1226 amicicia
1070 1177 1156 1226 iunxit
1185 1191 1245 1226 eum
1273 1176 1333 1234 sibi,

213 1250 354 1316 sublegato
375 1252 422 1301 eia
448 1251 520 1301 omni
538 1249 658 1300 Letharii
680 1265 771 1314 regno.
810 1249 874 1299 Post
898 1249 949 1300 hec
968 1264 1016 1298 rex
1034 1249 1169 1314 Ungarios
1189 1248 1334 1300 Saxoniam

212 1329 407 1390 percurrentes,
426 1324 539 1390 probare
558 1322 688 1384 volentes,
708 1338 743 1373 an
761 1338 845 1372 novus
868 1337 914 1372 rex
939 1321 1018 1372 solita
1043 1322 1126 1372 vellet
1149 1323 1249 1373 tributa
1274 1337 1334 1389 per·

213 1396 326 1460 solvere,
347 1395 460 1448 collecto
482 1397 601 1447 exercitu
621 1395 654 1446 de
667 1395 764 1446 finibus
777 1397 832 1446 suis
846 1395 955 1461 expulit,
977 1397 1045 1446 cesis
1060 1411 1151 1446 eorum
1165 1396 1334 1445 exercitibus.

213 1470 327 1535 Pragam
349 1471 429 1520 ctiam
449 1468 516 1520 adiit
536 1496 569 1505 -
590 1483 766 1520 —reversus
786 1469 872 1519 estin
892 1468 1044 1519 Saxoniam.
1084 1469 1228 1520 Heinricus
1253 1469 1334 1519 etiam

213 1548 291 1609 pater
308 1545 412 1608 patriae
431 1569 467 1580 -
489 1569 520 1579 -
542 1542 685 1594 Saxoniam
704 1543 852 1592 revertitur.
890 1543 1006 1609 Accepit
1026 1543 1106 1592 etiam
1129 1542 1163 1590 ab
1187 1543 1246 1608 ipso
1271 1557 1335 1606 rege

213 1615 330 1667 Rndolfo
349 1616 472 1666 lanceam
493 1615 627 1682 quandam
647 1641 683 1652 ·-
703 1641 734 1650 -
755 1617 784 1664 in
802 1616 991 1680 imperatorum
1016 1616 1102 1665 tutela
1125 1615 1194 1666 solet
1218 1631 1335 1665 manere.

215 1689 269 1739 Sed
284 1695 311 1740 et
323 1690 403 1754 Hugo
422 1716 459 1725 —
479 1715 512 1724 -
534 1688 644 1755 planetu
664 1693 691 1738 et
709 1688 827 1738 lacrimis
840 1687 1023 1752 plurimorum.
1060 1687 1124 1740 ibid.
1133 1705 1166 1752 p.
1183 1687 1334 1739 179-183.

214 1763 280 1812 Post
298 1763 373 1812 cuius
392 1768 502 1812 mortem
524 1762 587 1813 Otto
605 1762 729 1827 Magnus,
741 1759 820 1812 -filius
841 1762 906 1824 eius,
930 1762 963 1810 ab
984 1763 1056 1811 omni
1079 1761 1178 1828 populo
1199 1761 1335 1812 Saxonum

216 1840 243 1886 et
261 1835 424 1886 Francorum
444 1835 546 1885 electus
565 1837 593 1884 in
612 1851 703 1900 regem
723 1835 886 1899 Aquisgrani
905 1839 932 1884 et
952 1850 1013 1884 mox
1032 1840 1127 1885 unctus
1145 1862 1177 1871 -
1193 1861 1227 1872 -
1241 1833 1335 1886 fideles

214 1909 286 1973 regia
313 1909 409 1959 misere
428 1907 557 1958 laniabat.
595 1908 767 1959 Everhardus
786 1912 875 1958 autem
902 1914 929 1959 et
948 1907 1108 1959 Gisilbertus
1135 1907 1275 1960 audientes
1298 1934 1335 1945 -

216 2007 250 2018 -
270 1980 361 2047 gladio
381 1987 556 2033 truncaretur.
596 1981 675 2044 Quod
695 1997 754 2032 cum
774 1981 832 2046 regi
851 1982 1004 2032 nunciatum
1025 1981 1128 2043 fuisset,
1153 1983 1254 2046 gratias
1280 1983 1336 2048 egit

215 2054 285 2117 Deo,
309 2055 475 2123 profecitque
500 2056 604 2119 regioni
629 2055 864 2118 Letharingiorum
889 2055 1023 2119 Ottonem,
1050 2053 1134 2104 filium
1158 2055 1281 2116 Riuwini,
1306 2059 1336 2105 ut

214 2154 251 2165 -
270 2153 305 2164 -·
325 2130 444 2178 nutriret.
483 2128 534 2190 Qui
553 2134 644 2178 tamen
663 2129 742 2178 ambo
768 2130 796 2177 in
822 2129 895 2177 brevi
922 2126 1042 2178 defuncti
1061 2133 1130 2190 suut,
1157 2134 1184 2178 et
1209 2126 1335 2179 ducatum

214 2201 331 2266 regionis
350 2217 398 2252 rex
411 2201 536 2252 Cunrado
557 2203 698 2266 concessit,
718 2202 763 2252 cni
783 2227 815 2237 -
837 2227 870 2236 -—-
892 2201 1016 2252 astrictus
1036 2207 1084 2252 est.
1116 2201 1239 2252 Sororem
1254 2202 1335 2252 etiarn

214 2275 286 2338 regis
311 2275 485 2339 Gerbergam,
510 2289 647 2325 uxorem
668 2273 875 2332 Gisilberti,
894 2273 1055 2326 Ludewicus
1080 2289 1126 2324 rex
1146 2273 1234 2326 Gallie
1261 2272 1336 2324 duxit

214 2363 332 2410 uxorem,
351 2363 420 2413 quae
441 2349 466 2397 ei
484 2348 578 2411 genuit
597 2347 663 2397 dnos
679 2346 757 2410 filios,
772 2346 907 2396 Karclnm
927 2352 953 2397 et
971 2348 1136 2410 Lothan'um,
1155 2350 1201 2413 qui
1222 2353 1248 2398 et
1266 2349 1337 2415 patri

213 2424 309 2487 postea
327 2422 465 2472 successit.
497 2420 562 2470 Post
579 2420 630 2472 hec
644 2421 796 2483 Heinricus,
816 2420 898 2470 frater
920 2422 1000 2485 regis,
1021 2421 1155 2472 adiutorio
1170 2421 1336 2486 quorundam

216 2495 401 2560 episcoporum
416 2492 494 2544 nudis
507 2492 621 2558 pedibus
637 2495 708 2558 regis
727 2495 909 2559 prosternitur,
929 2493 1042 2560 supplex
1062 2497 1167 2545 veniam
1181 2496 1337 2561 promeruit,

216 2567 321 2632 aliquas
341 2567 421 2616 etiam
440 2567 519 2616 urbes
538 2566 622 2632 ipsius
642 2567 733 2618 usibus
754 2568 894 2618 concessit.
927 2568 999 2617 Dein
1018 2570 1046 2618 in
1065 2584 1192 2634 processu
1211 2569 1337 2634 temporis

215 2665 251 2676 -
269 2666 306 2676 -
325 2637 508 2704 mirabilisque
527 2638 680 2706 prudencie.
712 2640 823 2691 Moritur
842 2646 902 2706 post
920 2641 971 2691 hec
992 2640 1088 2692 Edidis
1108 2643 1210 2706 regina,
1229 2646 1337 2692 mater

214 2710 356 2764 Ludolfi
376 2718 409 2764 et
427 2712 647 2778 Lutgardae,
667 2729 754 2778 quae
774 2719 939 2779 nupserat
959 2713 1119 2765 Ounrado
1146 2715 1233 2767 duci.
1271 2715 1337 2766 Post

216 2787 291 2836 cuius
321 2791 432 2836 mortem
465 2786 528 2837 Otto
564 2801 611 2836 rex
641 2786 757 2837 Ytaliam
791 2787 901 2838 intravit
930 2801 1034 2838 causa
1065 2786 1204 2838 Adeleidis
1232 2789 1335 2852 regine,

216 2874 328 2926 eamque
347 2859 399 2910 sibi
418 2860 446 2908 in
466 2859 619 2924 coniugium
639 2861 760 2923 sociavit,
780 2864 807 2910 et
827 2875 888 2910 cnm
907 2875 940 2908 ea
958 2860 1078 2926 Papiam,
1103 2875 1171 2926 quae
1191 2859 1270 2910 sedes
1295 2866 1336 2911 est

215 2932 300 2997 regni,
314 2932 441 2996 obtinuit;
462 2947 494 2982 ex
507 2948 561 2997 qua
575 2938 670 2999 postea
682 2938 736 2984 tras
750 2931 819 2983 filios
832 2934 934 2997 genuit,
950 2933 1156 2998 primogenitum
1169 2932 1336 2997 Heinricum,

216 3006 364 3056 secundum
390 3005 550 3069 Brunonem,
578 3007 728 3056 Romane
758 3005 916 3056 ecclesie
945 3011 1069 3071 postea
1102 3005 1335 3070 pontificeml,

216 3079 328 3129 tercium
360 3080 442 3145 patrie
474 3081 631 3144 equivocum
657 3078 794 3145 filiamque
819 3080 927 3129 nomine
951 3078 1160 3129 Methildam.
1205 3073 1336 3132 Ludolfus

216 3156 305 3202 autem
326 3176 360 3188 -
381 3179 413 3188 -
440 3156 551 3217 paterne
576 3151 716 3203 voluntati.
759 3153 850 3204 Rebus
875 3153 957 3218 igitur
981 3153 1031 3202 rite
1059 3153 1213 3218 compositis
1237 3181 1273 3188 -
1301 3181 1333 3190 -

216 3225 336 3291 spiritum
354 3223 472 3276 reddidit
484 3225 552 3276 Non.
566 3225 631 3275 Mai.
665 3225 791 3292 Sepultus
811 3230 852 3276 est
871 3225 1058 3289 Magadeburg
1077 3240 1093 3272 a
1112 3227 1335 3292 principibus

215 3297 371 3408 lrouorifice.
409 3297 696 3364 teia.p.1st-189.

610 3407 774 3460 Receusio
794 3407 861 3458 coel.
882 3403 938 3456 01

217 3499 302 3564 ducis,
327 3500 400 3550 filii
419 3499 560 3550 Ludolfi
586 3500 683 3550 ducis
703 3499 852 3550 Saxonis
872 3525 908 3532 -
929 3525 962 3534 -
983 3497 1018 3548 ad
1042 3500 1149 3550 initium
1174 3499 1250 3564 regni
1275 3515 1334 3567 per-

216 3573 367 3624 tendamus.
406 3570 506 3624 Erret.

289 3645 463 3708 Quomodo
478 3644 635 3696 Conrado
653 3645 984 3696 mortuoHeinricus
998 3646 1084 3697 Saxo
1104 3647 1134 3696 ei
1153 3648 1335 3698 successit.

289 3719 375 3784 Igitur
387 3717 502 3768 Karolus
515 3719 631 3782 Magnus
644 3724 797 3783 susceptum
811 3723 902 3768 contra
916 3717 1033 3770 Saxones
1046 3718 1147 3770 bellurn
1163 3725 1196 3769 et
1215 3725 1335 3771 cetera

217 3807 303 3858 quae
322 3795 486 3844 secuntur
508 3807 629 3856 usque:
649 3796 783 3855 potestate
809 3793 933 3856 regnavit
957 3794 983 3842 in
1005 3793 1150 3844 Saxouiam
1172 3793 1334 3843 invenies
1365 3835 1369 3842 .

216 3867 248 3915 in
272 3870 457 3931 quaterno,
476 3863 959 3929 ubiloquordeSaxonibus
999 3867 1176 3932 Sequitur·
1203 3866 1334 3929 Quicum

215 3941 245 3988 in
267 3939 353 4004 prima
379 3941 450 3988 etate
477 3965 509 3974 -
537 3965 572 3972 -
598 3938 722 3988 ducatum
746 3937 863 4004 reliquit.
900 3939 942 3990 Ut
968 3939 1006 3988 ad
1030 3941 1218 4006 superiora
1242 3937 1334 3989 rede·

217 4027 319 4062 amus
356 4011 415 4061 Rex
433 4009 650 4061 Romanorum
671 4010 809 4063 Conradns
828 4039 864 4048 -
886 4039 916 4049 -
939 4027 1028 4063 coram
1048 4015 1120 4064 omni
1136 4012 1235 4122 populo
1250 4012 1334 4062 Fran·

219 4099 309 4135 corum
327 4088 407 4150 atque
427 4082 572 4134 Saxonum.
609 4083 709 4136 Elissa.

218 4209 343 4263 a)etB1.

294 4328 321 4395 1)
347 4328 419 4381 Noto
438 4345 552 4381 errorem.
571 4329 733 4398 singularem
753 4330 911 4384 Catonianae
932 4329 1076 4397 scriptoris.
