3098 4982
315 389 370 439 2⁷8
455 388 644 441 CHRONIOA
662 388 776 441 unam
796 388 1048 441 COLONIENSIS.
1069 390 1173 441 OONT.
1183 391 1216 441 V.
1236 390 1269 442 A.
1282 389 1362 439 1240.

314 556 542 639 Brabantinus,
563 555 696 622 collecta
710 579 807 620 manu
822 558 962 643 copiosa,
985 579 1059 622 cum
1074 558 1156 622 duce
1173 557 1213 622 de
1228 555 1438 621 Nanscedio¹

316 650 348 704 et
379 640 485 705 multis
518 651 584 704 tam
613 639 745 707 Gallicis
774 663 871 727 quam
899 641 1129 706 Teuthonicis⁸
1161 651 1301 706 castrum
1333 639 1441 706 archi·

315 725 458 811 episcopi
478 724 659 789 Lechenich
682 723 816 808 obsidet,
837 726 1058 792 assistentibus
1081 725 1144 790 sibi
1166 724 1336 790 civibusll
1358 747 1439 788 uen-

315 808 406 873 sibus
429 820 460 873 et
480 808 551 872 aliis
572 807 802 895 imperialibus.
845 809 972 874 Interea
993 809 1111 874 milites
1128 811 1253 874 comitis
1268 808 1309 873 de
1359 818 1437 873 onte

314 915 389 957 cum
412 891 604 980 quibusdam
626 894 829 978 imperatoris
856 892 1040 957 hominibus
1063 893 1224 958 adiunctis
1254 893 1436 979 presidium

313 976 548 1064 archiepiscopi
580 980 672 1042 iuxta
699 977 847 1042 Medeme
874 978 1038 1042 firmatum
1066 979 1198 1064 inopino
1225 975 1346 1042 insultu
1398 999 1437 1040 er

314 1060 424 1126 dolum
445 1061 531 1126 facto
554 1063 687 1148 capiunt
702 1073 732 1126 et
747 1061 887 1131 diruunt,
925 1061 1134 1162 Archiepisco
1160 1084 1197 1124 us
1219 1073 1337 1143 autem,
1359 999 1435 1210 plus

314 1147 569 1232 magnanimitati
592 1145 682 1210 solite
704 1168 801 1232 quam
822 1147 938 1211 rationi
960 1169 1070 1246 preme
1091 1147 1126 1209 in
1170 1167 1208 1210 oc
1231 1167 1309 1210 casu
1329 1147 1361 1209 in

313 1251 412 1314 gens,
442 1251 613 1316 aggressus
640 1229 804 1311 difficilia,
835 1229 927 1296 villas
961 1253 1047 1296 circa
1076 1241 1216 1296 castrum
1241 1231 1434 1295 Bensburba
1521 1225 1522 1296 l

314 1335 388 1378 cum
409 1313 502 1378 valde
524 1317 636 1399 paucis
658 1314 809 1396 incendit,
837 1315 894 1382 sed
915 1337 935 1379 a
957 1316 1171 1380 castrensibus
1194 1315 1432 1379 circumventus

313 1399 348 1461 in
368 1397 502 1461 maxilla
522 1397 714 1462 vulneratur.
758 1398 833 1483 Ipse
854 1420 930 1463 vero
959 1399 1084 1464 fortiter
1110 1399 1310 1463 adversarios
1332 1399 1433 1484 repri-
1521 1453 1522 1456 ,

314 1504 415 1564 mens,
437 1483 503 1546 suis
525 1480 587 1545 sibi
603 1503 696 1566 opem
714 1492 916 1547 constanter⁰
930 1483 1116 1563 ferentibus,
1137 1505 1202 1547 non
1225 1485 1292 1546 sine
1315 1482 1432 1547 damno

313 1566 516 1714 puorundam
544 1586 673 1629 suorum
705 1565 821 1631 evadit.
865 1566 1046 1668 Statimque
1078 1576 1153 1654 post
1184 1566 1265 1631 hec‘l
1298 1567 1432 1631 transito

343 1650 436 1732 beno,
461 1651 553 1736 quasi
568 1671 634 1713 non
648 1650 817 1714 immemor
830 1651 966 1736 antiqm,
989 1663 1110 1716 rmmo⁰
1125 1653 1262 1715 recentis
1278 1649 1432 1732 vulneris,
1521 1637 1522 1662 ³

314 1756 404 1798 arma
425 1735 520 1819 capit,
552 1732 825 1881 quamplurimos
853 1735 945 1799 iuxta
966 1734 1054 1799 aliud
1075 1745 1217 1799 castrum
1238 1734 1432 1800 Bedeburfs

315 1840 387 1883 cum
427 1840 503 1882 arva
517 1840 615 1882 manu
630 1840 672 1881 au
695 1828 782 1882 acter
796 1818 959 1896 assiliens3
975 1817 1031 1883 ubi
1043 1820 1242 1884 Fridericum
1258 1819 1297 1884 de
1309 1820 1433 1904 Ryffer-

315 1840 471 1984 scheibe,
494 1901 659 1966 dominum
682 1905 787 1984 castri,
809 1903 913 1966 virum
935 1902 1074 1968 nobilem
1097 1912 1128 1967 et
1142 1925 1333 1989 pugnacem,
1355 1903 1433 1969 leta-

313 1985 386 2052 liter
400 1985 612 2068 vulneratum,
629 1996 660 2050 et
673 1985 781 2073 plures
796 1985 885 2068 alios,
899 1986 976 2052 licet
989 1985 1151 2051 laboriosa
1166 2008 1286 2073 pugna,
1303 1989 1432 2053 tamen¹¹
1521 2053 1522 2074 ,

313 2080 446 2156 propter
473 2093 640 2134 numerum
671 2091 800 2134 suorum
828 2070 925 2156 longe
953 2073 1109 2139 minorem
1138 2071 1325 2156 magnifica,
1359 2094 1432 2158 cap·
1521 2099 1522 2128 1

312 2157 395 2220 tivos
419 2164 565 2240 potenter
586 2154 726 2220 abducit.
770 2155 860 2218 Dum
880 2154 940 2220 hec
962 2165 1110 2241 aguntur,
1132 2155 1248 2220 milites
1270 2157 1309 2220 de
1325 2158 1432 2222 West-

312 2238 422 2324 phalis
443 2237 574 2324 plurimi
602 2238 785 2303 adunantur
816 2240 856 2303 ad
886 2239 1071 2304 solvendam
1102 2240 1305 2305 obsidionem
1334 2242 1433 2306 castri

312 2323 354 2388 de
368 2321 561 2387 Lechenich.
606 2322 767 2387 sedante
789 2324 934 2408 ipsorum
955 2323 1129 2388 adventum
1151 2346 1218 2410 pax
1239 2325 1321 2389 inter
1343 2321 1432 2388 dom-

312 2430 390 2471 num
420 2406 696 2492 archiepiscopum
725 2417 757 2471 et
783 2405 898 2472 ducem
921 2406 1155 2473 Brabantinum
1182 2419 1214 2472 et
1241 2407 1432 2494 complicesi

313 2514 388 2556 suos
416 2491 600 2573 intervenit,
633 2512 696 2576 que
721 2489 850 2555 demum
877 2491 1044 2556 firmaturk
1073 2502 1106 2557 et
1133 2502 1348 2558 conservatur.
1393 2496 1433 2559 In

313 2576 404 2639 cuius
424 2575 516 2659 pacis
537 2574 773 2637 firmamentum
796 2596 886 2638 soror
908 2575 1018 2639 domni
1040 2577 1275 2662 archiepiscopi
1295 2578 1433 2644 traditur

313 2661 429 2744 nuptui
450 2656 611 2744 Adolpho‚
635 2657 699 2721 filio
723 2659 849 2722 comitis
872 2658 912 2722 de
926 2659 1037 2724 Monte
1060 2661 1133 2759 qui¹
1156 2670 1187 2725 et
1208 2660 1276 2724 dux
1292 2660 1331 2725 de
1346 2662 1433 2728 Lim-

313 2741 433 2824 burch,
466 2751 498 2806 et
528 2739 683 2806 medietas
717 2744 813 2806 castri
839 2742 1016 2808 Tuitiensis
1049 2745 1154 2809 e1dem
1188 2743 1359 2831 Adolpho4
1398 2749 1432 2812 in

312 2827 476 2891 feudumm
510 2825 702 2908 assignatur.
746 2825 808 2890 His
840 2829 989 2926 peractis,
1026 2829 1183 2893 dissensio
1216 2829 1318 2894 oritur
1349 2833 1432 2897 inter

314 2909 468 2975 domnum
483 2908 760 2998 archiepiscopum
783 2919 814 2974 et
830 2934 916 2976 cives
932 2911 1139 2979 Colonienses
1161 2934 1321 2997 supereo,
1345 2916 1432 3002 quod

312 2995 405 3059 iuxta
436 2994 682 3080 promissionem
715 2993 777 3058 sibi
809 2995 927 3060 factam
963 2997 996 3060 in
1028 2999 1157 3085 incepta
1188 2996 1324 3063 fideliter
1357 3023 1432 3065 cum

312 3079 555 3165 archiepiscopo
588 3101 654 3142 non
681 3091 941 3164 perseverassent
972 3103 1010 3144 us
1035 3104 1074 3146 ue
1105 3081 1148 3146 ad
1178 3082 1276 3146 finem
1305 3106 1431 3168 guerre.

313 3162 408 3228 Unde
431 3162 638 3228 Colonienses
660 3163 821 3227 instruunt
842 3187 940 3230 naves
962 3104 1094 3230 bellicas
1126 3188 1244 3251 magno
1272 3177 1432 3254 apparatu

312 3247 354 3311 ad
370 3270 403 3312 se
416 3246 563 3312 tuendos.
605 3246 670 3312 Sed
686 3248 797 3313 eadem
812 3248 969 3312 dissensio
983 3250 1102 3335 partim
1115 3272 1175 3336 per
1189 3249 1431 3335 replicationem

313 3329 552 3396 Coloniensium
573 3353 669 3417 super
691 3353 739 3414 eo,
762 3331 848 3418 quod
870 3354 1058 3398 succursum
1078 3333 1320 3434 archiepiscopo
1344 3337 1432 3401 exhi-

311 3416 456 3482 buissent
476 3417 630 3480 hactenus
652 3417 718 3478 suis
740 3416 996 3481 antecessoribus
1018 3439 1083 3481 non
1105 3427 1283 3504 prestitum,
1312 3422 1432 3507 partim

311 3522 371 3586 per
390 3500 612 3564 mediatricem
632 3500 804 3585 pecuniam
826 3521 887 3564 con
911 3502 1011 3565 uievit
1019 3515 1040 3566 ⁵.

396 3585 472 3669 Ipso
494 3605 578 3648 anno
594 3582 856 3670 archiepiscopus
870 3523 1181 3671 blagdeburgensis⁰
1204 3597 1235 3652 et
1256 3588 1429 3675 episcopus

219 3751 223 3762 ⁴
310 3763 335 3815 a)
352 3763 489 3805 'teutonicis
504 3765 556 3806 Μ.
608 3764 632 3816 b)
647 3766 786 3814 Bensburgh
801 3766 851 3812 na.
907 3765 927 3816 c)
946 3771 1076 3808 constantes
1093 3779 1160 3818 opem
1177 3769 1229 3813 Da.
1275 3767 1304 3821 d)
1321 3770 1365 3810 hoc
1380 3771 1432 3812 Dc.

312 3822 335 3875 e)
352 3824 428 3864 denuo
444 3823 492 3866 Μ,
566 3821 584 3874 t)
600 3825 723 3865 Bodebure
738 3825 788 3864 Da.
864 3823 888 3877 ε)
904 3827 1065 3868 Reifferschett
1081 3828 1130 3870 Da.
1203 3826 1226 3879 h)
1242 3832 1292 3869 tum
1307 3840 1432 3871 munerum

310 3892 405 3923 suorum
420 3883 492 3930 longe
508 3882 620 3922 minorem
635 3885 759 3931 magnifico
775 3885 795 3923 D
806 3885 826 3925 9..
887 3881 905 3936 i)
920 3887 1050 3936 complures
1065 3887 1086 3926 D
1095 3889 1115 3928 1.
1175 3886 1199 3937 k)
1216 3888 1365 3929 confirmatur
1380 3889 1431 3933 M.

311 3937 329 3994 Ι)
343 3941 422 3981 Monte
438 3945 461 3981 st
476 3941 540 3980 ducls
558 3941 586 3982 dc
601 3942 628 3982 L.
645 3943 666 3981 D
677 3945 696 3981 1.
757 3940 790 3994 m)
806 3945 831 3983 tn
848 3945 916 3984 feudo
932 3945 982 3985 Da.

313 4091 341 4157 1)
356 4089 467 4157 Ncocp3
486 4091 552 4142 duce
564 4090 661 4144 scilicet
670 4091 860 4160 Lotbcrtupicc
873 4094 1019 4160 superioris
1028 4096 1215 4149 MattltcchI.
1229 4097 1263 4150 A.
1302 4097 1331 4164 2)
1344 4098 1433 4150 Bauc-

311 4165 381 4230 bcrp.
457 4162 485 4229 3)
504 4164 639 4229 Bedburp.
714 4166 745 4232 4)
763 4166 915 4232 Diplomctc
934 4169 961 4220 d.
977 4169 1005 4220 d.
1025 4169 1051 4222 2.
1070 4187 1106 4222 m.
1121 4169 1193 4237 Sept.
1214 4170 1430 4238 archiepiscopus

310 4254 365 4288 ccco
385 4233 517 4304 Adoptio,
537 4239 583 4289 scd
600 4236 728 4302 Hcmico,
750 4239 828 4304 patri
851 4241 916 4305 cius,
943 4242 1025 4293 castri
1047 4242 1188 4296 Tuiticusis
1214 4245 1379 4297 medictatem
1402 4247 1433 4297 iu

303 4309 422 4376 feudwm
441 4310 571 4374 cosmedim
589 4310 794 4376 LacomblctH,
808 4331 841 4380 p.
862 4315 923 4366 128.
958 4313 987 4366 0.
1062 4315 1092 4384 ὅ)
1111 4316 1142 4368 V.
1168 4317 1235 4384 dr'qu.
1253 4316 1372 4370 Oonrcdt'
1396 4320 1432 4372 dc

311 4383 355 4435 dic
374 4384 418 4435 at.
437 4401 472 4437 m.
485 4383 560 4450 Iulii,
579 4384 643 4438 ibid.
659 4403 691 4453 p.
712 4385 773 4438 127.
808 4385 834 4438 0.
911 4385 939 4454 6)
962 4388 1141 4442 Wlbrcmdus.
1173 4392 1207 4443 A.

1386 1143 1522 1209 u„
