3126 4976
310 399 497 452 cusourcs
516 401 631 454 anam
652 401 896 455 conoumusrs
915 404 948 454 s.
971 403 1051 454 nor.
1072 403 1153 454 nse.
1238 405 1274 455 os
1333 373 1339 383 ’

520 574 690 627 Bacensio
710 576 734 628 Ι.
756 577 851 628 codd.
871 576 905 627 A.

362 635 374 656 ἱ

154 698 252 741 causa
272 677 339 742 irae
360 678 571 762 imperatoris,
599 701 716 765 magno
743 681 858 744 timore
888 701 974 765 papa
997 690 1028 744 et
1049 691 1182 744 omnesa
1205 701 1273 744 car·

152 759 276 826 dinales
298 770 330 826 et
351 761 458 826 cuncti
479 761 618 826 Romani
664 762 778 828 erculsi
801 773 885 845 sunt,
915 774 946 828 et
974 761 1094 828 crebris
1121 764 1275 850 epistolis,

153 866 234 931 quas
257 844 300 909 ad
322 867 395 909 eum
418 855 449 910 et
470 867 619 944 proceres
639 786 834 932 dirigebant,
855 848 1004 932 mitigare
1025 848 1164 912 furorem
1176 850 1275 913 animi

152 929 221 993 eius
243 929 436 1012 nitebantur,
452 929 603 1012 dicentes,
619 932 706 1017 quod·
720 953 786 996 non
799 940 887 996 recte
901 931 1036 996 verbum
1050 929 1139 1013 illud,
1154 932 1275 1000 scilicet

152 1013 354 1095 beneficium,
376 1015 459 1078 inter
483 1024 620 1080 rotatum
643 1025 735 1097 esset,
752 1037 789 1080 eo
805 1015 893 1102 quod
907 1015 996 1101 apud
1010 1036 1065 1080 eos
1080 1014 1274 1082 beneficium

151 1118 216 1161 non
237 1096 376 1181 feodum,
412 1121 446 1164 se
492 1100 584 1247 puasi
610 1098 814 1165 benefactum
844 1098 1046 1164 haberetur1.
1090 1098 1174 1164 Illud
1197 1123 1273 1186 ergo

151 1181 357 1246 seminarium
385 1181 492 1246 discor
514 1184 565 1248 iae
592 1184 676 1248 inter
701 1185 864 1247 Romanos
886 1192 918 1248 et
939 1184 1168 1282 imperatorem
1196 1195 1272 1250 erat.
1326 1193 1377 1255 ‘s

151 1264 219 1329 Nec
247 1264 309 1328 hoc
336 1264 422 1347 latet,
456 1269 542 1353 quod
575 1267 711 1332 domnus
757 1289 828 1353 apa,
855 1267 1190 1353 audito1mperatoris
1216 1268 1271 1333 ad-

150 1358 249 1413 ventu
280 1347 323 1412 ad
351 1350 481 1414 vincula
512 1352 611 1416 sancti
633 1351 721 1417 Petri
772 1372 845 1416 oms
872 1350 1051 1434 discedens,
1078 1352 1170 1416 iuxta
1197 1373 1346 1438 pra-uss.

150 1442 219 1498 tum
242 1432 404 1520 quoddam
435 1456 509 1498 cum
536 1433 750 1501 cardinalibus
773 1437 839 1500 suis
862 1434 1030 1500 consilium
1051 1433 1219 1518 habuerit,
1234 1433 1337 1501 ut‘fflt·
1355 1436 1378 1475 ¹·

150 1517 304 1582 domnum
327 1519 551 1604 imperatorem
581 1521 883 1601 excommunicaret,
917 1529 949 1584 et
968 1520 1027 1582 vix
1048 1529 1180 1618 peracto
1208 1520 1271 1585 hoc

151 1601 296 1684 consilio,
323 1612 422 1666 noctu
449 1603 517 1667 vita
544 1602 736 1686 decesserit,
764 1612 796 1668 et
825 1602 913 1688 quod
932 1602 1065 1689 plurimr
1094 1603 1271 1669 cardinales

150 1686 212 1750 hoc
240 1708 274 1750 se
303 1694 378 1750 voto
408 1687 666 1769 constrinxerint,
700 1688 796 1772 quod,
826 1689 853 1751 si
876 1687 1029 1751 domnum
1053 1708 1175 1786 papam
1204 1690 1273 1753 vita

149 1769 307 1836 decedere
336 1771 531 1855 contigisset,
564 1769 686 1835 nullum
714 1772 744 1835 ei
777 1792 1006 1854 successorem,
1028 1773 1090 1834 msi
1113 1773 1168 1859 qui
1191 1772 1273 1836 eius-

150 1853 225 1918 dem
247 1863 333 1919 esset
353 1855 513 1940 propositi
535 1865 567 1920 et
587 1854 761 1919 voluntatis
783 1865 895 1919 contra
916 1855 1155 1940 imperatorem,
1177 1855 1274 1942 elige-

104 2013 107 2018 ,
148 1948 230 2006 rent.
274 1937 369 2003 Unde
415 1949 465 2003 ost
487 1937 611 2002 obitum
634 1938 778 2004 eiusdem
800 1961 904 2024 papae
926 1959 1044 2024 magna
1059 1938 1221 2004 discordia
1242 1949 1276 2005 et

150 2024 270 2087 scisma
292 1961 467 2108 lugendum
501 2021 649 2086 omnibus
681 2023 836 2087 ecclesiae
857 2021 931 2086 filiis
960 2023 994 2085 in
1021 2022 1177 2088 aecclesia
1208 2023 1273 2089 Dei

149 2106 272 2172 factum
293 2117 349 2190 est,
365 2107 480 2171 ceteris
496 2104 711 2171 cardinalibus
728 2107 972 2170 conventionem
988 2114 1019 2170 et
1033 2114 1146 2170 votum
1161 2129 1273 2173 eorum

150 2190 384 2276 ignorantibus,
1360 2229 1366 2253 2

385 2275 416 2338 A
438 2275 467 2338 2.
950 2274 982 2337 A
1006 2275 1021 2336 1
1319 2263 1365 2295 ν
1461 2325 1463 2330 ,

150 2367 183 2423 et
204 2380 306 2445 usque
332 2359 366 2421 in
393 2357 476 2421 hanc
505 2357 590 2422 diem
611 2356 706 2421 huius
750 2357 940 2443 duravitque
961 2320 1082 2442 per⁸16
1104 2377 1215 2422 annos.

150 2443 307 2508 scismatis
329 2451 514 2529 perseverat
558 2440 745 2539 ericulum3
772 2525 780 2539 .
1321 2478 1389 2542 ,s

607 2547 625 2589 0
647 2525 781 2589 Domrm
806 2524 897 2589 1157.

227 2611 415 2695 Imperator,
443 2608 554 2674 habita
583 2607 725 2694 generali
755 2609 846 2672 curia
872 2629 947 2672 cum
975 2609 1080 2706 princi
1104 2609 1187 2690 ibus,
1216 2631 1274 2673 ex·

174 2693 347 2758 editionem
368 2695 403 2757 in
423 2692 549 2758 Italiam
565 2702 677 2758 contra
686 2690 906 2756 Mediolanum
921 2691 1048 2758 indrxit.
1114 2693 1272 2758 ridericus

149 2718 352 2845 boloniensis
374 2779 544 2863 episcopus
566 2786 707 2841 castrum
729 2775 941 2841 Randerodeb
964 2776 1122 2841 destruxit
1131 2788 1152 2841 ².

528 2863 623 2925 Anno
638 2860 772 2924 Domini
800 2861 891 2925 1158.

228 2946 408 3031 Imperator
436 2943 565 3010 ltaliam
600 2947 785 3026 intraturus,
819 2943 1011 3010 Reinoldum
1046 2942 1271 3008 cancellarium

151 3051 254 3112 suum,
268 3032 373 3093 virum
390 3030 477 3093 omni
490 3027 659 3114 probitatis
673 3051 790 3113 genere
801 3026 991 3110 mirabilem,
1003 3039 1035 3093 et
1047 3029 1199 3094 Ottonem
1215 3049 1271 3111 pa-

150 3113 283 3177 latinum
295 3114 446 3177 comitem
456 3111 603 3199 premisit
614 3122 636 3176 ³.
660 3126 711 3187 Qui
721 3126 870 3176 Bononiam
884 3142 903 3175 v
911 3141 925 3176 e
933 3127 968 3175 ni
976 3131 1033 3176 ent
1041 3142 1055 3176 e
1064 3142 1086 3189 s,
1102 3126 1218 3190 peractis
1232 3124 1273 3174 ibi

488 3291 656 3345 Receasio
673 3293 714 3345 II.
735 3293 827 3346 codd.
847 3294 881 3346 Β.
904 3291 932 3345 0.

42 3453 44 3458 ,
151 3397 365 3462 sacerdotium
387 3397 557 3461 concordia
579 3408 611 3462 et
631 3420 698 3483 pax
720 3406 803 3461 stare
824 3419 890 3461 non
910 3396 1045 3482 poterit'.
1078 3395 1123 3459 At
1132 3395 1272 3457 Romani

149 3481 402 3580 indignationem
423 3490 455 3545 et
476 3483 556 3544 iram
579 3482 778 3567 imperatoris
799 3489 988 3559 metuentes,
1010 3478 1105 3542 aliam
1116 3479 1272 3562 interpre-

39 3634 44 3647 ,
150 3573 309 3629 tacronem
330 3566 469 3629 nominis
490 3565 585 3629 huius
607 3563 816 3652 protulerunt,
839 3575 872 3629 et
892 3563 1085 3630 beneficium
1101 3562 1193 3648 quasi
1215 3560 1272 3625 be·

150 3648 331 3714 nefactum⁰
353 3647 488 3733 intelligi
509 3648 626 3714 debere
648 3649 808 3713 dixerunt.

312 3732 365 3797 td
408 3733 504 3797 Anno
527 3733 705 3798 dominicae
726 3733 954 3798 incarnationis
979 3732 1060 3796 1158
1069 3743 1091 3795 ⁰.

231 3823 381 3890 Imperator
414 3824 522 3875 Italiam
557 3825 700 3874 intraturus
735 3822 915 3889 Reginaldum
947 3821 1138 3873 cancellarium
1177 3836 1270 3882 suum,

147 3903 271 3966 postes
289 3898 609 3964 archiepiscopum,
629 3903 657 3948 et
675 3898 800 3948 Ottonem
819 3896 967 3964 palatinum
988 3897 1112 3946 comitem
1137 3894 1271 3959 premisit.

148 4005 294 4057 stactam,
309 4007 347 4045 ati
362 4011 385 4046 et
400 4016 481 4046 omnes
496 4006 524 4046 R,
555 4004 579 4057 b)
588 4006 760 4048 Raudenrohde
777 4005 825 4046 At.
843 4021 871 4041 =
888 4004 909 4057 o)
920 4005 1059 4046 beneficium
1076 4004 1120 4044 01.
1152 4002 1208 4053 d)6.
1227 4002 1273 4043 02.

149 4065 171 4116 o)
189 4065 254 4106 1158.
272 4076 329 4106 corr.
348 4066 413 4106 1157.
432 4065 474 4105 02.

150 4160 178 4225 1)
204 4145 492 4226 repatriassent
520 4159 600 4211 ceta
618 4160 677 4223 111,
704 4161 747 4210 aa.
844 4159 872 4226 a)
894 4157 934 4223 cs.
957 4158 1028 4214 naa.
1047 4156 1182 4225 squama
1213 4159 1229 4210 ι.
1250 4157 1271 4210 ι,

101 4283 103 4290 ,
149 4231 179 4299 3)
198 4233 276 4285 Haec
293 4234 416 4284 narratio
435 4234 574 4297 desumpto
595 4242 632 4284 cst
650 4250 682 4284 cc
702 4233 813 4300 epistola
833 4231 960 4284 nasacti
978 4230 1132 4283 cancellarii
1150 4239 1175 4283 et
1197 4229 1268 4281 Otto·

148 4305 190 4358 uis
205 4305 325 4373 palatini
344 4303 444 4358 comitis
463 4307 500 4358 ad
518 4307 704 4371 imperatorem
723 4307 797 4370 datu,
817 4323 897 4371 qaam
916 4306 986 4372 typis
1011 4303 1139 4370 conpressit
1158 4303 1195 4354 Η.
1216 4301 1272 4354 Su·

149 4380 273 4446 dcadorf,
292 4379 406 4447 Ropistr.
426 4379 468 4443 II,
488 4380 549 4430 131.
594 4379 629 4431 Ρ.
