3102 4978
441 431 630 490 cnsomcs
643 437 756 488 REGIA
770 436 1023 489 comanensis.
1241 437 1291 489 XV

167 607 251 671 Inde
274 605 314 670 ab
328 605 518 670 HeinriciI.
541 626 615 669 uero
637 614 788 689 tempore,
811 628 874 691 quo
896 627 982 668 nova
1004 607 1103 690 quasi
1118 605 1290 670 chronicae

49 767 54 772 ¹
162 714 252 775 pars
284 691 415 774 incipit,
447 687 520 753 alia
552 699 598 754 est
621 690 739 754 harma
767 691 993 754 recensionum
1021 691 1125 769 ratio,·
1154 711 1233 753 nam
1254 712 1290 755 eo

162 776 364 859 praesertim
385 771 551 862 differunt,
575 773 663 858 quod
683 774 718 836 in
746 771 773 838 C
783 774 799 836 1
829 774 945 837 desunt
967 795 1184 859 quaecumque
1200 774 1232 837 B
1250 797 1290 838 erc

168 859 322 926 Historia
337 859 528 922 monasterii
537 856 827 922 Brnnvilharensis
840 858 962 942 recepit
967 879 980 939 ,·
997 867 1174 942 praeterea
1188 860 1291 923 annis

171 942 263 1007 1096.
279 966 346 1028 sqq.
368 941 529 1007 nonnulla
552 944 755 1022 omittuntur,
779 941 850 1007 alia
872 942 939 1006 alio
961 942 1078 1007 ordine
1098 943 1290 1025 traduntur,

162 1050 282 1111 pauca
310 1029 407 1091 ctiam
434 1027 616 1108 adduntur,
645 1049 685 1091 ecc
713 1027 828 1091 iisdem
846 1025 1001 1109 fontibus
1031 1027 1152 1090 hausta
1174 1027 1291 1113 quibus

168 1114 267 1176 etiam
294 1112 439 1175 recensio
461 1112 583 1176 codicis
604 1111 636 1174 B
658 1134 722 1174 usa
743 1119 798 1174 est.
844 1108 951 1184 Quam
980 1111 1042 1175 hac
1058 1120 1159 1196 purte
1181 1133 1289 1175 recen·

167 1199 282 1261 tiorem
303 1218 379 1276 esse,
401 1217 468 1260 non
487 1217 663 1279 possumus
686 1197 766 1280 quin
788 1203 983 1258 statuamus.
1032 1193 1125 1269 Quae
1148 1218 1219 1260 cum
1240 1197 1290 1260 ita

168 1283 247 1361 sint,
272 1279 318 1346 01
341 1289 371 1345 et
391 1279 446 1351 Bl
472 1301 512 1344 en
534 1281 704 1343 vetustiori
729 1279 912 1364 euemplari
938 1281 1036 1344 sumti
1062 1282 1129 1344 sint
1156 1288 1289 1362 oportet,

167 1368 218 1430 ita
254 1365 384 1451 quidem
419 1373 456 1428 ut
493 1363 544 1430 01
581 1386 682 1449 usque
719 1365 765 1429 ad
802 1387 833 1427 a.
870 1363 942 1427 919.
978 1385 1097 1428 nouam
1128 1363 1290 1447 praebeat

167 1450 396 1529 recensionem,
423 1458 542 1533 postea
569 1450 680 1513 uerius
729 1471 807 1512 uam
828 1448 885 1511 Bl
917 1469 1001 1530 opus
1028 1450 1066 1512 in
1094 1449 1289 1512 monasterio

168 1534 207 1601 S.
228 1533 442 1598 Pantaleonis
464 1533 646 1617 conjectum
667 1472 826 1614 cohibeat,
849 1533 936 1617 quod
963 1533 1042 1597 inde
1071 1532 1111 1597 ab
1141 1556 1173 1596 a.
1198 1531 1288 1596 1162.

168 1620 266 1683 etiam
292 1617 342 1684 02
358 1617 532 1703 praetulit.

253 1703 370 1766 Fontes
396 1724 470 1766 uero
497 1723 578 1787 quos
612 1705 681 1766 iam
709 1702 746 1765 in
771 1701 886 1786 prima
911 1700 1098 1765 recensione
1125 1699 1289 1765 adhibitos

166 1787 315 1851 uidemus
325 1798 347 1868 ¹,
373 1796 508 1871 praeter
524 1785 770 1867 Ehhehardum,
805 1807 845 1849 eu·
867 1806 930 1868 quo
953 1807 1052 1869 quam
1069 1784 1221 1869 plurima
1244 1785 1290 1848 aab

167 1870 300 1935 uerbum
317 1879 433 1933 auctor
453 1873 623 1949 retinuit²,
645 1872 681 1935 hi
702 1878 797 1935 sunt:
825 1869 974 1948 Orosius,
990 1869 1149 1949 Iustinus,
1165 1869 1287 1933 Metho-

168 1955 255 2035 dius,
292 1954 389 2017 Beda
425 1953 464 2016 de
500 1953 696 2038 temporibus
704 1965 728 2035 ³,
764 1962 832 2018 tam
867 1951 969 2017 Pauli
1000 1974 1100 2038 quam
1134 1952 1290 2035 Landolfi

169 2039 312 2103 historia
330 2038 495 2119 Romana,
516 2038 566 2101 Re
589 2039 657 2118 ino,
678 2037 761 2102 hiber
781 2039 821 2102 de
842 2036 1015 2102 miraculis
1036 2037 1164 2118 mundi,
1187 2035 1289 2102 Gesta

167 2146 282 2209 requm
293 2121 530 2202 Francorum⁴,
547 2061 645 2186 (ibeta
661 2123 880 2201 Treverorum,
898 2120 1011 2188 Cataho
1037 2144 1076 2185 us
1094 2122 1289 2206 pontificum

168 2207 417 2286 Romanorum,
448 2205 537 2270 Vitae
570 2205 711 2287 Hilarii,
744 2205 900 2287 Seruatii,
932 2144 1105 2285 Lamberti,
1140 2205 1289 2270 Annales

170 2290 208 2355 S.
229 2287 382 2371 Albana,
405 2288 556 2374 fortasse
577 2293 676 2356 etiam
698 2289 1022 2354 Brunvatcremw.
1070 2289 1121 2354 De
1151 2289 1288 2355 Colonia

145 2422 149 2430 .
168 2375 301 2460 eiusque
321 2375 535 2460 pontificibus
558 2399 677 2461 pauca
704 2383 831 2439 tantum
853 2383 1015 2456 comperta
1037 2373 1152 2437 habuit
1174 2384 1289 2438 auctor

168 2480 271 2543 eaque
293 2461 424 2544 partim
442 2457 638 2542 fabulosa'.
682 2459 798 2524 Postea
826 2459 964 2538 demum,
991 2467 1028 2521 ut
1048 2458 1188 2539 uidetur,
1221 2461 1289 2522 siue

167 2544 242 2628 ipse
263 2545 330 2607 uae
352 2542 441 2607 alius
491 2543 607 2608 uidam
629 2543 812 2607 Historiam
834 2541 1141 2607 Brunuiltarensem
1162 2551 1290 2624 nactus,

168 2649 210 2690 ecc
242 2648 282 2690 ea
313 2627 438 2691 saeculi
496 2673 503 2690 .
536 2637 565 2690 et
591 2628 648 2691 XI.
681 2628 854 2691 historiam
887 2649 940 2689 am
965 2624 1069 2690 hiavit.
1126 2626 1188 2690 Ubi
1213 2649 1289 2692 uero

171 2708 375 2776 Coloniensis
409 2709 463 2774 ille
488 2711 722 2776 Ehheharchum
756 2733 796 2774 eu
823 2708 926 2774 Anna
939 2710 1013 2775 ibus
1040 2709 1288 2776 Padarbornen·

169 2794 262 2858 sibus
285 2795 547 2860 continuandum
568 2797 719 2880 suscepit,
743 2796 863 2860 Sancti
872 2793 1087 2859 Pantaleonis
1108 2796 1289 2860 monachus

166 2901 284 2964 presso
301 2881 387 2963 pede
408 2881 479 2944 eins
492 2880 633 2966 oestiqia
654 2889 783 2944 secutus
806 2888 861 2960 est,
881 2878 1073 2963 plerumque
1095 2881 1172 2963 ipsa
1190 2880 1289 2943 uerba

166 2964 322 3045 retinens,
351 2964 409 3028 sed
429 2963 611 3050 lonqiorem
638 2966 865 3029 narrationem
887 2963 1093 3044 abbrevians,
1116 2964 1289 3048 aliquoties

168 3197 198 3261 1)
218 3197 254 3249 K.
274 3199 351 3252 Pertn
376 3199 522 3265 complures
546 3207 671 3262 recenset,
700 3217 811 3266 quorum
842 3197 954 3268 uestiqia
972 3200 1083 3267 frustra
1108 3197 1288 3264 quaesiverim

166 3270 234 3324 alim
248 3273 437 3338 praetermisit.
481 3271 510 3326 V.
523 3270 560 3324 Ch.
572 3272 678 3323 Kmmch
695 3274 795 3325 sollerti
818 3290 898 3339 opera
923 3273 989 3325 haec
1007 3271 1171 3325 examinavit
1190 3282 1215 3325 et
1232 3272 1289 3324 sin·

165 3347 243 3413 quior
261 3347 339 3411 bicos,
365 3353 494 3412 qnantum
512 3346 576 3414 fleri
596 3347 695 3412 potuit,
721 3347 758 3398 aa
782 3363 859 3399 ueros
876 3347 968 3411 sontes
992 3343 1109 3398 reducit.
1146 3345 1289 3399 Lehmarm

161 3436 194 3484 p.
216 3418 249 3468 17
267 3437 295 3472 n.
314 3421 385 3471 hanc
403 3437 459 3470 rem
476 3421 605 3472 intactam
628 3418 743 3485 reliquit,
772 3419 893 3485 quamuis
918 3420 993 3485 apud
1010 3419 1163 3470 Eccordum
1177 3420 1289 3486 plenum

165 3491 254 3556 operis
267 3502 381 3546 tenorem
391 3495 476 3561 heqerc
483 3495 624 3559 potuisset.
678 3493 708 3559 2)
723 3493 791 3545 Inde
801 3510 916 3545 errorem
924 3504 1019 3544 natum
1031 3509 1096 3557 esse,
1109 3494 1180 3558 quaet
1194 3501 1289 3545 auctor

161 3565 269 3630 primae
282 3568 373 3633 partis
394 3569 427 3618 ab
446 3567 568 3618 Eccardo
588 3569 675 3619 etimne
694 3569 798 3619 saeculo
812 3567 863 3618 XI.
882 3583 924 3618 en.
944 3567 987 3618 uel
998 3565 1066 3617 XII.
1085 3564 1124 3617 in.
1143 3566 1287 3633 scripserit,

167 3638 233 3690 eatis
251 3643 342 3693 notum
362 3647 416 3703 est,·
436 3641 470 3704 cf.
487 3639 585 3691 ‘Arch'
605 3641 669 3704 VII,
683 3659 715 3706 p.
736 3641 799 3692 644.
874 3641 905 3705 3)
925 3637 1048 3691 Ohrouici
1066 3640 1100 3692 de
1120 3640 1136 3688 6
1156 3641 1288 3693 aetatibus

165 3712 261 3762 marisii
279 3721 351 3766 certa
369 3713 481 3780 oestiqia
498 3713 577 3764 nulia
595 3714 697 3779 reperi5
716 3730 801 3780 neque
813 3712 923 3766 Isidori.
962 3711 1016 3765 sea
1031 3713 1153 3766 chronico
1172 3716 1289 3780 quodam

165 3801 232 3836 usus
248 3792 285 3837 est
304 3805 336 3840 esc
352 3787 515 3852 Hieronymo
534 3784 663 3850 derivato,
683 3787 730 3838 sed
748 3786 868 3848 diuersa·
888 3788 923 3852 cf.
941 3803 962 3838 e.
982 3805 1023 3855 qr.
1037 3789 1198 3850 Erictonius,
1216 3787 1287 3839 filius

165 3857 292 3919 Vulcani,
311 3878 416 3912 currum
435 3867 462 3911 et
480 3861 586 3911 Troilus
605 3863 705 3927 primus
725 3860 885 3927 quadrigam
904 3862 1022 3912 iunxisse
1041 3861 1168 3923 feruntur,
1188 3868 1212 3913 et
1231 3861 1289 3912 alia

66 3962 72 3974 =
165 3931 305 3985 eiusmodi.
379 3933 408 4001 4)
428 3934 545 3986 Exstant
563 3934 593 3984 in
611 3931 699 3986 codice
718 3935 780 3985 olim
799 3932 892 3985 Sancti
910 3932 1092 3998 Pantaleonis,
1115 3950 1188 3985 nunc
1208 3933 1288 3986 Guel-

157 4006 305 4072 ferbytano
334 4006 403 4058 inter
423 4007 563 4059 Gudianos
586 4025 630 4058 nr.
660 4009 720 4071 13¹,
743 4007 959 4073 ι10187412,
988 4024 1072 4058 manu
1098 4023 1119 4058 s.
1139 4006 1174 4059 X.
1203 4006 1289 4059 nitide

166 4078 273 4144 scripta.
350 4080 379 4147 b)
405 4079 435 4131 V.
453 4079 592 4133 Lehmann
616 4098 646 4146 p.
677 4081 711 4130 20
737 4098 802 4146 sqq,
828 4081 876 4146 qui
901 4081 1021 4131 Annales
1044 4079 1287 4133 Hildesheimenses

166 4152 339 4220 comparauit,
349 4151 650 4219 Schqffcr-Boichorstp.
663 4155 714 4215 21,·
727 4153 834 4218 Schum,
842 4153 944 4205 ‘Iahrb
959 4153 985 4206 ei.
994 4151 1033 4205 St.
1042 4153 1288 4206 Albam-Klosters'

160 4243 193 4292 p.
214 4226 248 4275 98
268 4244 323 4293 sqq.
398 4228 428 4293 6)
448 4245 473 4282 a.
495 4221 576 4280 1054}
613 4227 656 4279 De
676 4226 737 4278 aliis
757 4226 836 4280 etiam
861 4227 949 4278 minus
976 4233 1088 4279 constat.
1127 4224 1182 4279 Sea
1200 4226 1288 4280 nescio
1360 4247 1362 4250 ·

165 4315 214 4349 cur
236 4299 375 4352 Lehmann
391 4319 423 4366 p.
446 4303 488 4353 19.
510 4318 566 4353 rem
590 4299 750 4352 indubium
772 4317 867 4354 uocare
891 4300 1014 4352 uoluerit.
1116 4301 1145 4366 7)
1175 4317 1200 4351 a.
1225 4301 1287 4364 ⁷16,

161 4389 192 4438 p.
212 4373 254 4424 14.
277 4375 311 4426 de
328 4372 468 4442 Aqiiospho
493 4376 621 4440 episcopo,
645 4392 713 4440 quae
739 4391 797 4426 cum
818 4371 919 4424 Vitas.
940 4372 992 4424 XI.
1015 4373 1116 4438 scripm
1140 4391 1194 4425 non
1203 4375 1288 4440 plane

166 4447 334 4500 conueniunt.
