<?xml version="1.0" encoding="UTF-8"?>
<!DOCTYPE html PUBLIC "-//W3C//DTD XHTML 1.0 Transitional//EN"
    "http://www.w3.org/TR/xhtml1/DTD/xhtml1-transitional.dtd">
<html xmlns="http://www.w3.org/1999/xhtml" xml:lang="en" lang="en">
 <head>
  <title>
</title>
<meta http-equiv="Content-Type" content="text/html;charset=utf-8" />
  <meta name='ocr-system' content='tesseract 3.04.00' />
  <meta name='ocr-capabilities' content='ocr_page ocr_carea ocr_par ocr_line ocrx_word'/>
</head>
<body>
  <div class='ocr_page' id='page_1' title='image "./chronicaregiaco00germgoog_0216.png"; bbox 0 0 3122 4978; ppageno 0'>
   <div class='ocr_carea' id='block_1_1' title="bbox 283 380 1307 439">
    <p class='ocr_par' dir='ltr' id='par_1_1' title="bbox 283 380 1307 439">
     <span class='ocr_line' id='line_1_1' title="bbox 283 380 1307 439; baseline -0.006 0"><span class='ocrx_word' id='word_1_1' title='bbox 283 387 335 439; x_wconf 73' lang='lat'>186</span> <span class='ocrx_word' id='word_1_2' title='bbox 391 384 581 439; x_wconf 75' lang='lat' dir='ltr'>cflaoruca</span> <span class='ocrx_word' id='word_1_3' title='bbox 599 384 712 437; x_wconf 75' lang='lat' dir='ltr'>snam</span> <span class='ocrx_word' id='word_1_4' title='bbox 732 383 985 436; x_wconf 76' lang='lat' dir='ltr'>COLONIENSIS.</span> <span class='ocrx_word' id='word_1_5' title='bbox 1005 381 1107 434; x_wconf 80' lang='grc' dir='ltr'><strong>ΟΟΝΤ.</strong></span> <span class='ocrx_word' id='word_1_6' title='bbox 1124 383 1161 434; x_wconf 91' lang='lat'>11.</span> <span class='ocrx_word' id='word_1_7' title='bbox 1180 382 1214 434; x_wconf 77' lang='lat' dir='ltr'>A.</span> <span class='ocrx_word' id='word_1_8' title='bbox 1229 380 1307 433; x_wconf 82' lang='lat'><strong>1210.</strong></span> 
     </span>
    </p>
   </div>
   <div class='ocr_carea' id='block_1_2' title="bbox 519 550 1161 617">
    <p class='ocr_par' dir='ltr' id='par_1_2' title="bbox 519 550 1161 617">
     <span class='ocr_line' id='line_1_2' title="bbox 519 550 1161 617; baseline -0.003 0"><span class='ocrx_word' id='word_1_9' title='bbox 519 552 613 617; x_wconf 87' lang='lat' dir='ltr'>Anno</span> <span class='ocrx_word' id='word_1_10' title='bbox 636 550 796 616; x_wconf 90' lang='lat' dir='ltr'>dominice</span> <span class='ocrx_word' id='word_1_11' title='bbox 817 551 1045 615; x_wconf 80' lang='lat' dir='ltr'>incarnationis</span> <span class='ocrx_word' id='word_1_12' title='bbox 1072 551 1161 616; x_wconf 79' lang='lat'>1210.</span> 
     </span>
    </p>
   </div>
   <div class='ocr_carea' id='block_1_3' title="bbox 172 650 1407 3597">
    <p class='ocr_par' dir='ltr' id='par_1_3' title="bbox 282 650 1402 1760">
     <span class='ocr_line' id='line_1_3' title="bbox 367 650 1400 740; baseline -0.007 -17"><span class='ocrx_word' id='word_1_13' title='bbox 367 657 444 723; x_wconf 91' lang='lat' dir='ltr'>Otto</span> <span class='ocrx_word' id='word_1_14' title='bbox 466 657 510 719; x_wconf 93' lang='lat' dir='ltr'>im</span> <span class='ocrx_word' id='word_1_15' title='bbox 535 663 640 719; x_wconf 83' lang='lat' dir='ltr'>arator</span> <span class='ocrx_word' id='word_1_16' title='bbox 660 653 765 718; x_wconf 86' lang='lat' dir='ltr'>natale</span> <span class='ocrx_word' id='word_1_17' title='bbox 786 653 920 717; x_wconf 90' lang='lat' dir='ltr'>Domini</span> <span class='ocrx_word' id='word_1_18' title='bbox 948 652 1035 740; x_wconf 87' lang='lat' dir='ltr'>apud</span> <span class='ocrx_word' id='word_1_19' title='bbox 1057 650 1233 716; x_wconf 81' lang='lat' dir='ltr'>marchiam</span> <span class='ocrx_word' id='word_1_20' title='bbox 1255 653 1400 716; x_wconf 90' lang='lat' dir='ltr'>Anconie</span> 
     </span>
     <span class='ocr_line' id='line_1_4' title="bbox 282 735 1400 825; baseline -0.006 -19"><span class='ocrx_word' id='word_1_21' title='bbox 282 744 317 806; x_wconf 92' lang='lat' dir='ltr'>in</span> <span class='ocrx_word' id='word_1_22' title='bbox 346 742 475 805; x_wconf 82' lang='lat' dir='ltr'>civitate</span> <span class='ocrx_word' id='word_1_23' title='bbox 529 738 668 824; x_wconf 88' lang='lat' dir='ltr'>olingin¹</span> <span class='ocrx_word' id='word_1_24' title='bbox 698 735 881 819; x_wconf 91' lang='lat' dir='ltr'>celebravit,</span> <span class='ocrx_word' id='word_1_25' title='bbox 918 737 1028 825; x_wconf 90' lang='lat' dir='ltr'>sicque</span> <span class='ocrx_word' id='word_1_26' title='bbox 1057 737 1159 800; x_wconf 81' lang='lat' dir='ltr'>intra·</span> <span class='ocrx_word' id='word_1_27' title='bbox 1186 735 1314 801; x_wconf 85' lang='lat' dir='ltr'>Italiam</span> <span class='ocrx_word' id='word_1_28' title='bbox 1364 759 1400 801; x_wconf 89' lang='lat' dir='ltr'>er</span> 
     </span>
     <span class='ocr_line' id='line_1_5' title="bbox 283 759 1399 908; baseline -0.007 -16"><span class='ocrx_word' id='word_1_29' title='bbox 283 834 382 893; x_wconf 87' lang='lat' dir='ltr'>totam</span> <span class='ocrx_word' id='word_1_30' title='bbox 404 824 541 888; x_wconf 83' lang='lat' dir='ltr'>hiemem</span> <span class='ocrx_word' id='word_1_31' title='bbox 564 830 778 886; x_wconf 84' lang='lat' dir='ltr'>commoratus</span> <span class='ocrx_word' id='word_1_32' title='bbox 801 832 858 885; x_wconf 89' lang='lat' dir='ltr'>est.</span> <span class='ocrx_word' id='word_1_33' title='bbox 900 821 967 885; x_wconf 92' lang='lat' dir='ltr'>Ubi</span> <span class='ocrx_word' id='word_1_34' title='bbox 990 819 1122 908; x_wconf 90' lang='lat' dir='ltr'>quidam</span> <span class='ocrx_word' id='word_1_35' title='bbox 1141 759 1399 906; x_wconf 66' lang='lat' dir='ltr'>exprincipibus</span> 
     </span>
     <span class='ocr_line' id='line_1_6' title="bbox 283 904 1400 988; baseline -0.005 -14"><span class='ocrx_word' id='word_1_36' title='bbox 283 909 313 974; x_wconf 85' lang='lat' dir='ltr'>A</span> <span class='ocrx_word' id='word_1_37' title='bbox 337 908 400 974; x_wconf 90' lang='lat' dir='ltr'>ulie</span> <span class='ocrx_word' id='word_1_38' title='bbox 427 908 468 972; x_wconf 87' lang='lat' dir='ltr'>ad</span> <span class='ocrx_word' id='word_1_39' title='bbox 490 929 564 971; x_wconf 90' lang='lat' dir='ltr'>eum</span> <span class='ocrx_word' id='word_1_40' title='bbox 586 907 761 988; x_wconf 85' lang='lat' dir='ltr'>venientes,</span> <span class='ocrx_word' id='word_1_41' title='bbox 793 905 889 969; x_wconf 87' lang='lat' dir='ltr'>fidem</span> <span class='ocrx_word' id='word_1_42' title='bbox 919 917 951 970; x_wconf 89' lang='lat' dir='ltr'>et</span> <span class='ocrx_word' id='word_1_43' title='bbox 971 904 1172 970; x_wconf 77' lang='lat' dir='ltr'>hominiuml</span> <span class='ocrx_word' id='word_1_44' title='bbox 1194 906 1225 968; x_wconf 91' lang='lat' dir='ltr'>ei</span> <span class='ocrx_word' id='word_1_45' title='bbox 1244 905 1400 984; x_wconf 89' lang='lat' dir='ltr'>fecerunt,</span> 
     </span>
     <span class='ocr_line' id='line_1_7' title="bbox 282 933 1399 1076; baseline -0.006 -17"><span class='ocrx_word' id='word_1_46' title='bbox 282 933 387 1075; x_wconf 77' lang='lat' dir='ltr'>urbes,</span> <span class='ocrx_word' id='word_1_47' title='bbox 416 989 544 1056; x_wconf 88' lang='lat' dir='ltr'>castella</span> <span class='ocrx_word' id='word_1_48' title='bbox 570 999 754 1076; x_wconf 87' lang='lat' dir='ltr'>ceterasque</span> <span class='ocrx_word' id='word_1_49' title='bbox 781 991 998 1075; x_wconf 88' lang='lat' dir='ltr'>possessiones</span> <span class='ocrx_word' id='word_1_50' title='bbox 1024 990 1058 1051; x_wconf 92' lang='lat' dir='ltr'>in</span> <span class='ocrx_word' id='word_1_51' title='bbox 1083 987 1276 1053; x_wconf 87' lang='lat' dir='ltr'>heneficium</span> <span class='ocrx_word' id='word_1_52' title='bbox 1297 991 1399 1054; x_wconf 91' lang='lat' dir='ltr'>abeo</span> 
     </span>
     <span class='ocr_line' id='line_1_8' title="bbox 283 1072 1401 1162; baseline -0.005 -20"><span class='ocrx_word' id='word_1_53' title='bbox 283 1085 501 1162; x_wconf 77' lang='lat' dir='ltr'>suscepertmt,</span> <span class='ocrx_word' id='word_1_54' title='bbox 528 1074 678 1139; x_wconf 83' lang='lat' dir='ltr'>obnixius</span> <span class='ocrx_word' id='word_1_55' title='bbox 700 1073 915 1155; x_wconf 79' lang='lat' dir='ltr'>adhortantes,</span> <span class='ocrx_word' id='word_1_56' title='bbox 937 1083 1094 1161; x_wconf 91' lang='lat' dir='ltr'>quatenus</span> <span class='ocrx_word' id='word_1_57' title='bbox 1115 1073 1291 1158; x_wconf 87' lang='lat' dir='ltr'>imperator</span> <span class='ocrx_word' id='word_1_58' title='bbox 1312 1072 1401 1159; x_wconf 88' lang='lat' dir='ltr'>Apu-</span> 
     </span>
     <span class='ocr_line' id='line_1_9' title="bbox 282 1158 1399 1305; baseline -0.005 -79"><span class='ocrx_word' id='word_1_59' title='bbox 282 1161 358 1226; x_wconf 91' lang='lat' dir='ltr'>liam</span> <span class='ocrx_word' id='word_1_60' title='bbox 390 1161 539 1240; x_wconf 81' lang='lat' dir='ltr'>intraret,</span> <span class='ocrx_word' id='word_1_61' title='bbox 576 1181 709 1244; x_wconf 90' lang='lat' dir='ltr'>regnum</span> <span class='ocrx_word' id='word_1_62' title='bbox 744 1167 924 1243; x_wconf 88' lang='lat' dir='ltr'>terramque</span> <span class='ocrx_word' id='word_1_63' title='bbox 957 1158 1072 1222; x_wconf 90' lang='lat' dir='ltr'>ditioni</span> <span class='ocrx_word' id='word_1_64' title='bbox 1106 1179 1164 1221; x_wconf 88' lang='lat' dir='ltr'>sue</span> <span class='ocrx_word' id='word_1_65' title='bbox 1197 1158 1399 1305; x_wconf 60' lang='lat' dir='ltr'>subiugaret3</span> 
     </span>
     <span class='ocr_line' id='line_1_10' title="bbox 284 1239 1400 1324; baseline -0.004 -14"><span class='ocrx_word' id='word_1_66' title='bbox 284 1252 483 1310; x_wconf 88' lang='lat' dir='ltr'>sacramento</span> <span class='ocrx_word' id='word_1_67' title='bbox 504 1243 581 1307; x_wconf 91' lang='lat' dir='ltr'>fidei</span> <span class='ocrx_word' id='word_1_68' title='bbox 594 1243 728 1306; x_wconf 89' lang='lat' dir='ltr'>firmiter</span> <span class='ocrx_word' id='word_1_69' title='bbox 746 1251 941 1324; x_wconf 88' lang='lat' dir='ltr'>attestantes,</span> <span class='ocrx_word' id='word_1_70' title='bbox 963 1242 1041 1305; x_wconf 91' lang='lat' dir='ltr'>inA</span> <span class='ocrx_word' id='word_1_71' title='bbox 1066 1239 1132 1304; x_wconf 88' lang='lat' dir='ltr'>ulia</span> <span class='ocrx_word' id='word_1_72' title='bbox 1145 1239 1268 1305; x_wconf 91' lang='lat' dir='ltr'>nullum</span> <span class='ocrx_word' id='word_1_73' title='bbox 1306 1240 1400 1306; x_wconf 84' lang='lat' dir='ltr'>ebera</span> 
     </span>
     <span class='ocr_line' id='line_1_11' title="bbox 283 1263 1399 1414; baseline -0.006 -20"><span class='ocrx_word' id='word_1_74' title='bbox 283 1350 428 1414; x_wconf 88' lang='lat' dir='ltr'>regnare,</span> <span class='ocrx_word' id='word_1_75' title='bbox 460 1326 524 1392; x_wconf 90' lang='lat' dir='ltr'>nisi</span> <span class='ocrx_word' id='word_1_76' title='bbox 555 1349 691 1410; x_wconf 89' lang='lat' dir='ltr'>regnum</span> <span class='ocrx_word' id='word_1_77' title='bbox 719 1336 752 1391; x_wconf 87' lang='lat' dir='ltr'>et</span> <span class='ocrx_word' id='word_1_78' title='bbox 784 1347 932 1390; x_wconf 89' lang='lat' dir='ltr'>coronam</span> <span class='ocrx_word' id='word_1_79' title='bbox 964 1324 1006 1390; x_wconf 95' lang='lat' dir='ltr'>ab</span> <span class='ocrx_word' id='word_1_80' title='bbox 1034 1263 1180 1390; x_wconf 64' lang='lat' dir='ltr'>domans</span> <span class='ocrx_word' id='word_1_81' title='bbox 1206 1326 1399 1412; x_wconf 83' lang='lat' dir='ltr'>imperatore</span> 
     </span>
     <span class='ocr_line' id='line_1_12' title="bbox 283 1409 1401 1499; baseline -0.005 -22"><span class='ocrx_word' id='word_1_82' title='bbox 283 1413 494 1499; x_wconf 77' lang='lat' dir='ltr'>suscepisset3</span> <span class='ocrx_word' id='word_1_83' title='bbox 517 1410 574 1476; x_wconf 88' lang='lat' dir='ltr'>sed</span> <span class='ocrx_word' id='word_1_84' title='bbox 593 1419 700 1474; x_wconf 89' lang='lat' dir='ltr'>utrum</span> <span class='ocrx_word' id='word_1_85' title='bbox 722 1409 782 1473; x_wconf 89' lang='lat' dir='ltr'>hec</span> <span class='ocrx_word' id='word_1_86' title='bbox 803 1410 837 1472; x_wconf 94' lang='lat' dir='ltr'>in</span> <span class='ocrx_word' id='word_1_87' title='bbox 859 1409 931 1475; x_wconf 96' lang='lat' dir='ltr'>dolo</span> <span class='ocrx_word' id='word_1_88' title='bbox 953 1409 1095 1475; x_wconf 89' lang='lat' dir='ltr'>facerent</span> <span class='ocrx_word' id='word_1_89' title='bbox 1112 1430 1224 1491; x_wconf 89' lang='lat' dir='ltr'>necne,</span> <span class='ocrx_word' id='word_1_90' title='bbox 1245 1411 1401 1473; x_wconf 90' lang='lat' dir='ltr'>incertum</span> 
     </span>
     <span class='ocr_line' id='line_1_13' title="bbox 284 1492 1399 1581; baseline -0.005 -19"><span class='ocrx_word' id='word_1_91' title='bbox 284 1495 430 1562; x_wconf 88' lang='lat' dir='ltr'>habetur.</span> <span class='ocrx_word' id='word_1_92' title='bbox 515 1494 592 1581; x_wconf 92' lang='lat' dir='ltr'>Ipso</span> <span class='ocrx_word' id='word_1_93' title='bbox 614 1502 759 1580; x_wconf 88' lang='lat' dir='ltr'>tempore</span> <span class='ocrx_word' id='word_1_94' title='bbox 773 1493 872 1578; x_wconf 88' lang='lat' dir='ltr'>legati</span> <span class='ocrx_word' id='word_1_95' title='bbox 884 1492 1018 1559; x_wconf 87' lang='lat' dir='ltr'>Salatini</span> <span class='ocrx_word' id='word_1_96' title='bbox 1032 1495 1117 1578; x_wconf 90' lang='lat' dir='ltr'>regis</span> <span class='ocrx_word' id='word_1_97' title='bbox 1130 1492 1399 1560; x_wconf 85' lang='lat' dir='ltr'>Sarracenorum²</span> 
     </span>
     <span class='ocr_line' id='line_1_14' title="bbox 285 1576 1401 1666; baseline -0.004 -22"><span class='ocrx_word' id='word_1_98' title='bbox 285 1601 360 1644; x_wconf 92' lang='lat' dir='ltr'>cum</span> <span class='ocrx_word' id='word_1_99' title='bbox 389 1576 531 1666; x_wconf 88' lang='lat' dir='ltr'>epistolis</span> <span class='ocrx_word' id='word_1_100' title='bbox 561 1578 751 1664; x_wconf 81' lang='lat' dir='ltr'>magnisque</span> <span class='ocrx_word' id='word_1_101' title='bbox 781 1579 968 1644; x_wconf 90' lang='lat' dir='ltr'>muneribus</span> <span class='ocrx_word' id='word_1_102' title='bbox 998 1577 1040 1641; x_wconf 91' lang='lat' dir='ltr'>ad</span> <span class='ocrx_word' id='word_1_103' title='bbox 1068 1579 1293 1663; x_wconf 82' lang='lat' dir='ltr'>imperatorem</span> <span class='ocrx_word' id='word_1_104' title='bbox 1320 1577 1401 1640; x_wconf 81' lang='lat' dir='ltr'>Tus-</span> 
     </span>
     <span class='ocr_line' id='line_1_15' title="bbox 284 1660 1402 1760; baseline -0.004 -32"><span class='ocrx_word' id='word_1_105' title='bbox 284 1664 406 1728; x_wconf 85' lang='lat' dir='ltr'>kanum</span> <span class='ocrx_word' id='word_1_106' title='bbox 438 1671 607 1742; x_wconf 73' lang='lat' dir='ltr'>venerunt,</span> <span class='ocrx_word' id='word_1_107' title='bbox 645 1684 725 1748; x_wconf 93' lang='lat' dir='ltr'>quos</span> <span class='ocrx_word' id='word_1_108' title='bbox 761 1661 935 1726; x_wconf 88' lang='lat' dir='ltr'>honorifice</span> <span class='ocrx_word' id='word_1_109' title='bbox 971 1672 1136 1746; x_wconf 87' lang='lat' dir='ltr'>susceptos</span> <span class='ocrx_word' id='word_1_110' title='bbox 1171 1673 1245 1748; x_wconf 92' lang='lat' dir='ltr'>post</span> <span class='ocrx_word' id='word_1_111' title='bbox 1279 1660 1402 1760; x_wconf 80' lang='lat' dir='ltr'>aliquot</span> 
     </span>
    </p>

    <p class='ocr_par' dir='ltr' id='par_1_4' title="bbox 172 1745 1407 2085">
     <span class='ocr_line' id='line_1_16' title="bbox 172 1745 1401 1835; baseline -0.005 -21"><span class='ocrx_word' id='word_1_112' title='bbox 172 1773 227 1814; x_wconf 72' lang='lat' dir='ltr'>ra.</span> <span class='ocrx_word' id='word_1_113' title='bbox 239 1774 274 1815; x_wconf 83' lang='lat' dir='ltr'>rr.</span> <span class='ocrx_word' id='word_1_114' title='bbox 285 1758 412 1835; x_wconf 88' lang='lat' dir='ltr'>tempus</span> <span class='ocrx_word' id='word_1_115' title='bbox 426 1745 576 1832; x_wconf 84' lang='lat' dir='ltr'>regaliter</span> <span class='ocrx_word' id='word_1_116' title='bbox 589 1746 724 1811; x_wconf 88' lang='lat' dir='ltr'>donatos</span> <span class='ocrx_word' id='word_1_117' title='bbox 745 1745 891 1812; x_wconf 86' lang='lat' dir='ltr'>absolvit.</span> <span class='ocrx_word' id='word_1_118' title='bbox 977 1746 1016 1810; x_wconf 90' lang='lat' dir='ltr'>In</span> <span class='ocrx_word' id='word_1_119' title='bbox 1037 1746 1118 1810; x_wconf 89' lang='lat' dir='ltr'>festo</span> <span class='ocrx_word' id='word_1_120' title='bbox 1137 1747 1239 1811; x_wconf 90' lang='lat' dir='ltr'>sancti</span> <span class='ocrx_word' id='word_1_121' title='bbox 1252 1745 1401 1810; x_wconf 78' lang='lat' dir='ltr'>Martrni³</span> 
     </span>
     <span class='ocr_line' id='line_1_17' title="bbox 196 1830 1407 1918; baseline -0.002 -21"><span class='ocrx_word' id='word_1_122' title='bbox 196 1830 253 1886; x_wconf 80' lang='lat' dir='ltr'>(¹⁸·l</span> <span class='ocrx_word' id='word_1_123' title='bbox 307 1855 370 1917; x_wconf 89' lang='lat' dir='ltr'>apa</span> <span class='ocrx_word' id='word_1_124' title='bbox 391 1834 628 1918; x_wconf 86' lang='lat' dir='ltr'>imperatorem,</span> <span class='ocrx_word' id='word_1_125' title='bbox 650 1852 745 1916; x_wconf 92' lang='lat' dir='ltr'>quem</span> <span class='ocrx_word' id='word_1_126' title='bbox 767 1839 861 1894; x_wconf 86' lang='lat' dir='ltr'>antea</span> <span class='ocrx_word' id='word_1_127' title='bbox 879 1831 1216 1898; x_wconf 84' lang='lat' dir='ltr'>excommunicaverat</span> <span class='ocrx_word' id='word_1_128' title='bbox 1230 1840 1327 1918; x_wconf 91' lang='lat' dir='ltr'>atque</span> <span class='ocrx_word' id='word_1_129' title='bbox 1341 1851 1407 1916; x_wconf 89' lang='lat' dir='ltr'>pro</span> 
     </span>
     <span class='ocr_line' id='line_1_18' title="bbox 284 1857 1402 2002; baseline -0.003 -20"><span class='ocrx_word' id='word_1_130' title='bbox 284 1857 369 1982; x_wconf 72' lang='lat' dir='ltr'>bono</span> <span class='ocrx_word' id='word_1_131' title='bbox 391 1916 480 2002; x_wconf 88' lang='lat' dir='ltr'>pacis</span> <span class='ocrx_word' id='word_1_132' title='bbox 502 1914 668 2000; x_wconf 89' lang='lat' dir='ltr'>hucusque</span> <span class='ocrx_word' id='word_1_133' title='bbox 695 1915 898 1997; x_wconf 86' lang='lat' dir='ltr'>sustinuerat,</span> <span class='ocrx_word' id='word_1_134' title='bbox 931 1925 963 1979; x_wconf 89' lang='lat' dir='ltr'>et</span> <span class='ocrx_word' id='word_1_135' title='bbox 988 1936 1074 1978; x_wconf 91' lang='lat' dir='ltr'>nunc</span> <span class='ocrx_word' id='word_1_136' title='bbox 1126 1937 1161 1979; x_wconf 89' lang='lat' dir='ltr'>er</span> <span class='ocrx_word' id='word_1_137' title='bbox 1181 1924 1282 1979; x_wconf 84' lang='lat' dir='ltr'>totam</span> <span class='ocrx_word' id='word_1_138' title='bbox 1304 1912 1402 1979; x_wconf 89' lang='lat' dir='ltr'>eccle-</span> 
     </span>
     <span class='ocr_line' id='line_1_19' title="bbox 285 1937 1123 2085; baseline -0.005 -19"><span class='ocrx_word' id='word_1_139' title='bbox 285 2003 366 2066; x_wconf 87' lang='lat' dir='ltr'>siam</span> <span class='ocrx_word' id='word_1_140' title='bbox 388 2000 700 2064; x_wconf 87' lang='lat' dir='ltr'>excommunicatum</span> <span class='ocrx_word' id='word_1_141' title='bbox 714 1997 843 2084; x_wconf 91' lang='lat' dir='ltr'>publice</span> <span class='ocrx_word' id='word_1_142' title='bbox 866 1999 1073 2085; x_wconf 89' lang='lat' dir='ltr'>pronunciari</span> <span class='ocrx_word' id='word_1_143' title='bbox 1094 1937 1123 2062; x_wconf 72' lang='lat' dir='ltr'>d</span> 
     </span>
    </p>

    <p class='ocr_par' dir='ltr' id='par_1_5' title="bbox 370 2081 1403 2169">
     <span class='ocr_line' id='line_1_20' title="bbox 370 2081 1403 2169; baseline -0.003 -21"><span class='ocrx_word' id='word_1_144' title='bbox 370 2085 441 2148; x_wconf 87' lang='lat' dir='ltr'>Rex</span> <span class='ocrx_word' id='word_1_145' title='bbox 451 2083 689 2169; x_wconf 85' lang='lat' dir='ltr'>Ungariorum⁴</span> <span class='ocrx_word' id='word_1_146' title='bbox 704 2104 778 2146; x_wconf 92' lang='lat' dir='ltr'>cum</span> <span class='ocrx_word' id='word_1_147' title='bbox 793 2105 852 2167; x_wconf 90' lang='lat' dir='ltr'>per</span> <span class='ocrx_word' id='word_1_148' title='bbox 863 2105 938 2148; x_wconf 89' lang='lat' dir='ltr'>suos</span> <span class='ocrx_word' id='word_1_149' title='bbox 953 2083 1160 2148; x_wconf 90' lang='lat' dir='ltr'>munitionem</span> <span class='ocrx_word' id='word_1_150' title='bbox 1194 2081 1334 2146; x_wconf 88' lang='lat' dir='ltr'>uandam</span> <span class='ocrx_word' id='word_1_151' title='bbox 1349 2104 1403 2146; x_wconf 87' lang='lat' dir='ltr'>ex-</span> 
     </span>
    </p>

    <p class='ocr_par' dir='ltr' id='par_1_6' title="bbox 283 2165 1405 2338">
     <span class='ocr_line' id='line_1_21' title="bbox 283 2165 1403 2256; baseline -0.003 -23"><span class='ocrx_word' id='word_1_152' title='bbox 283 2190 428 2256; x_wconf 90' lang='lat' dir='ltr'>pugnare</span> <span class='ocrx_word' id='word_1_153' title='bbox 449 2189 514 2231; x_wconf 91' lang='lat' dir='ltr'>non</span> <span class='ocrx_word' id='word_1_154' title='bbox 528 2177 646 2253; x_wconf 87' lang='lat' dir='ltr'>posset,</span> <span class='ocrx_word' id='word_1_155' title='bbox 669 2165 801 2231; x_wconf 91' lang='lat' dir='ltr'>consilio</span> <span class='ocrx_word' id='word_1_156' title='bbox 820 2168 930 2232; x_wconf 88' lang='lat' dir='ltr'>uxoris</span> <span class='ocrx_word' id='word_1_157' title='bbox 951 2189 1018 2249; x_wconf 90' lang='lat' dir='ltr'>sue,</span> <span class='ocrx_word' id='word_1_158' title='bbox 1041 2189 1103 2253; x_wconf 89' lang='lat' dir='ltr'>que</span> <span class='ocrx_word' id='word_1_159' title='bbox 1125 2189 1167 2232; x_wconf 84' lang='lat' dir='ltr'>ex</span> <span class='ocrx_word' id='word_1_160' title='bbox 1211 2165 1403 2231; x_wconf 88' lang='lat' dir='ltr'>heuthonica</span> 
     </span>
     <span class='ocr_line' id='line_1_22' title="bbox 307 2250 1405 2338; baseline -0.004 -20"><span class='ocrx_word' id='word_1_161' title='bbox 307 2264 380 2318; x_wconf 89' lang='lat' dir='ltr'>ente</span> <span class='ocrx_word' id='word_1_162' title='bbox 406 2250 541 2316; x_wconf 88' lang='lat' dir='ltr'>oriunda</span> <span class='ocrx_word' id='word_1_163' title='bbox 569 2250 629 2316; x_wconf 82' lang='lat' dir='ltr'>fuit</span> <span class='ocrx_word' id='word_1_164' title='bbox 637 2262 660 2332; x_wconf 78' lang='lat'>⁸,</span> <span class='ocrx_word' id='word_1_165' title='bbox 688 2273 731 2315; x_wconf 87' lang='lat' dir='ltr'>cx</span> <span class='ocrx_word' id='word_1_166' title='bbox 761 2251 811 2315; x_wconf 90' lang='lat' dir='ltr'>his</span> <span class='ocrx_word' id='word_1_167' title='bbox 845 2254 901 2338; x_wconf 89' lang='lat' dir='ltr'>qui</span> <span class='ocrx_word' id='word_1_168' title='bbox 926 2252 961 2314; x_wconf 92' lang='lat' dir='ltr'>in</span> <span class='ocrx_word' id='word_1_169' title='bbox 988 2261 1072 2316; x_wconf 85' lang='lat' dir='ltr'>terra</span> <span class='ocrx_word' id='word_1_170' title='bbox 1101 2251 1169 2316; x_wconf 90' lang='lat' dir='ltr'>eius</span> <span class='ocrx_word' id='word_1_171' title='bbox 1197 2250 1405 2315; x_wconf 88' lang='lat' dir='ltr'>morabantur</span> 
     </span>
    </p>

    <p class='ocr_par' dir='ltr' id='par_1_7' title="bbox 284 2335 1407 3597">
     <span class='ocr_line' id='line_1_23' title="bbox 336 2335 1403 2414; baseline -0.003 -13"><span class='ocrx_word' id='word_1_172' title='bbox 336 2336 492 2401; x_wconf 90' lang='lat' dir='ltr'>eutonicis</span> <span class='ocrx_word' id='word_1_173' title='bbox 513 2356 642 2400; x_wconf 86' lang='lat' dir='ltr'>sumens</span> <span class='ocrx_word' id='word_1_174' title='bbox 665 2336 851 2414; x_wconf 85' lang='lat' dir='ltr'>exercitum,</span> <span class='ocrx_word' id='word_1_175' title='bbox 878 2335 1083 2399; x_wconf 86' lang='lat' dir='ltr'>iamdictam</span> <span class='ocrx_word' id='word_1_176' title='bbox 1103 2336 1312 2400; x_wconf 89' lang='lat' dir='ltr'>munitionem</span> <span class='ocrx_word' id='word_1_177' title='bbox 1335 2336 1403 2399; x_wconf 89' lang='lat' dir='ltr'>sine</span> 
     </span>
     <span class='ocr_line' id='line_1_24' title="bbox 284 2417 1404 2505; baseline -0.001 -20"><span class='ocrx_word' id='word_1_178' title='bbox 284 2442 403 2505; x_wconf 88' lang='lat' dir='ltr'>magno</span> <span class='ocrx_word' id='word_1_179' title='bbox 418 2419 494 2484; x_wconf 92' lang='lat' dir='ltr'>belli</span> <span class='ocrx_word' id='word_1_180' title='bbox 532 2417 650 2483; x_wconf 88' lang='lat' dir='ltr'>ericulo</span> <span class='ocrx_word' id='word_1_181' title='bbox 666 2419 698 2481; x_wconf 93' lang='lat' dir='ltr'>in</span> <span class='ocrx_word' id='word_1_182' title='bbox 713 2418 804 2484; x_wconf 90' lang='lat' dir='ltr'>brevi</span> <span class='ocrx_word' id='word_1_183' title='bbox 819 2420 881 2485; x_wconf 90' lang='lat' dir='ltr'>sibi</span> <span class='ocrx_word' id='word_1_184' title='bbox 896 2419 1095 2504; x_wconf 70' lang='lat' dir='ltr'>subiugavit,</span> <span class='ocrx_word' id='word_1_185' title='bbox 1115 2419 1199 2484; x_wconf 91' lang='lat' dir='ltr'>unde</span> <span class='ocrx_word' id='word_1_186' title='bbox 1214 2431 1280 2485; x_wconf 83' lang='lat' dir='ltr'>tam</span> <span class='ocrx_word' id='word_1_187' title='bbox 1295 2441 1404 2484; x_wconf 88' lang='lat' dir='ltr'>mune-</span> 
     </span>
     <span class='ocr_line' id='line_1_25' title="bbox 285 2441 1405 2591; baseline -0.002 -23"><span class='ocrx_word' id='word_1_188' title='bbox 285 2506 376 2571; x_wconf 89' lang='lat' dir='ltr'>ribus</span> <span class='ocrx_word' id='word_1_189' title='bbox 399 2525 496 2591; x_wconf 91' lang='lat' dir='ltr'>quam</span> <span class='ocrx_word' id='word_1_190' title='bbox 508 2441 685 2568; x_wconf 77' lang='lat' dir='ltr'>honoribus</span> <span class='ocrx_word' id='word_1_191' title='bbox 699 2502 844 2588; x_wconf 88' lang='lat' dir='ltr'>plurimis</span> <span class='ocrx_word' id='word_1_192' title='bbox 859 2526 914 2568; x_wconf 91' lang='lat' dir='ltr'>eos</span> <span class='ocrx_word' id='word_1_193' title='bbox 933 2503 1087 2589; x_wconf 88' lang='lat' dir='ltr'>ampliare</span> <span class='ocrx_word' id='word_1_194' title='bbox 1103 2506 1235 2568; x_wconf 85' lang='lat' dir='ltr'>curavit.</span> <span class='ocrx_word' id='word_1_195' title='bbox 1267 2503 1405 2568; x_wconf 69' lang='lat' dir='ltr'>Unnarii</span> 
     </span>
     <span class='ocr_line' id='line_1_26' title="bbox 285 2557 1405 2674; baseline -0.004 -19"><span class='ocrx_word' id='word_1_196' title='bbox 285 2610 362 2655; x_wconf 81' lang='lat' dir='ltr'>vero</span> <span class='ocrx_word' id='word_1_197' title='bbox 383 2587 563 2652; x_wconf 87' lang='lat' dir='ltr'>invidentes</span> <span class='ocrx_word' id='word_1_198' title='bbox 585 2597 617 2652; x_wconf 89' lang='lat' dir='ltr'>et</span> <span class='ocrx_word' id='word_1_199' title='bbox 646 2608 680 2650; x_wconf 90' lang='lat' dir='ltr'>se</span> <span class='ocrx_word' id='word_1_200' title='bbox 701 2594 855 2673; x_wconf 88' lang='lat' dir='ltr'>tanquam</span> <span class='ocrx_word' id='word_1_201' title='bbox 877 2587 1004 2652; x_wconf 86' lang='lat' dir='ltr'>viliores</span> <span class='ocrx_word' id='word_1_202' title='bbox 1028 2599 1085 2650; x_wconf 79' lang='lat' dir='ltr'>ac⁰</span> <span class='ocrx_word' id='word_1_203' title='bbox 1107 2588 1272 2674; x_wconf 89' lang='lat' dir='ltr'>despectui</span> <span class='ocrx_word' id='word_1_204' title='bbox 1294 2557 1405 2652; x_wconf 61' lang='lat' dir='ltr'>hasberi</span> 
     </span>
     <span class='ocr_line' id='line_1_27' title="bbox 287 2670 1405 2758; baseline -0.003 -20"><span class='ocrx_word' id='word_1_205' title='bbox 287 2673 523 2752; x_wconf 85' lang='lat' dir='ltr'>erubescentes,</span> <span class='ocrx_word' id='word_1_206' title='bbox 544 2693 654 2756; x_wconf 86' lang='lat' dir='ltr'>regem</span> <span class='ocrx_word' id='word_1_207' title='bbox 677 2670 823 2736; x_wconf 89' lang='lat' dir='ltr'>occidere</span> <span class='ocrx_word' id='word_1_208' title='bbox 845 2673 953 2736; x_wconf 88' lang='lat' dir='ltr'>conati</span> <span class='ocrx_word' id='word_1_209' title='bbox 968 2682 1056 2752; x_wconf 82' lang='lat' dir='ltr'>sunt3</span> <span class='ocrx_word' id='word_1_210' title='bbox 1079 2672 1164 2758; x_wconf 92' lang='lat' dir='ltr'>quod</span> <span class='ocrx_word' id='word_1_211' title='bbox 1180 2673 1325 2757; x_wconf 80' lang='lat' dir='ltr'>reginam</span> <span class='ocrx_word' id='word_1_212' title='bbox 1339 2693 1405 2735; x_wconf 91' lang='lat' dir='ltr'>non</span> 
     </span>
     <span class='ocr_line' id='line_1_28' title="bbox 286 2754 1407 2841; baseline -0.002 -21"><span class='ocrx_word' id='word_1_213' title='bbox 286 2754 393 2838; x_wconf 72' lang='lat' dir='ltr'>latuit,</span> <span class='ocrx_word' id='word_1_214' title='bbox 415 2756 501 2820; x_wconf 89' lang='lat' dir='ltr'>unde</span> <span class='ocrx_word' id='word_1_215' title='bbox 522 2757 712 2841; x_wconf 89' lang='lat' dir='ltr'>intempeste</span> <span class='ocrx_word' id='word_1_216' title='bbox 731 2757 834 2819; x_wconf 89' lang='lat' dir='ltr'>noctis</span> <span class='ocrx_word' id='word_1_217' title='bbox 849 2755 937 2836; x_wconf 89' lang='lat' dir='ltr'>hora,</span> <span class='ocrx_word' id='word_1_218' title='bbox 960 2756 1109 2821; x_wconf 92' lang='lat' dir='ltr'>omnihus</span> <span class='ocrx_word' id='word_1_219' title='bbox 1132 2778 1244 2821; x_wconf 89' lang='lat' dir='ltr'>somno</span> <span class='ocrx_word' id='word_1_220' title='bbox 1266 2757 1407 2840; x_wconf 89' lang='lat' dir='ltr'>graviter</span> 
     </span>
     <span class='ocr_line' id='line_1_29' title="bbox 288 2839 1405 2938; baseline -0.001 -33"><span class='ocrx_word' id='word_1_221' title='bbox 288 2841 459 2927; x_wconf 88' lang='lat' dir='ltr'>oppressis,</span> <span class='ocrx_word' id='word_1_222' title='bbox 485 2862 505 2903; x_wconf 88' lang='lat' dir='ltr'>a</span> <span class='ocrx_word' id='word_1_223' title='bbox 526 2839 639 2938; x_wconf 88' lang='lat' dir='ltr'>regina</span> <span class='ocrx_word' id='word_1_224' title='bbox 659 2841 856 2923; x_wconf 90' lang='lat' dir='ltr'>premonitus</span> <span class='ocrx_word' id='word_1_225' title='bbox 878 2862 937 2904; x_wconf 89' lang='lat' dir='ltr'>rex</span> <span class='ocrx_word' id='word_1_226' title='bbox 959 2862 1035 2904; x_wconf 93' lang='lat' dir='ltr'>cum</span> <span class='ocrx_word' id='word_1_227' title='bbox 1057 2842 1169 2926; x_wconf 87' lang='lat' dir='ltr'>paucis</span> <span class='ocrx_word' id='word_1_228' title='bbox 1190 2840 1301 2926; x_wconf 76' lang='lat' dir='ltr'>frigam</span> <span class='ocrx_word' id='word_1_229' title='bbox 1323 2841 1405 2921; x_wconf 89' lang='lat' dir='ltr'>iniit,</span> 
     </span>
     <span class='ocr_line' id='line_1_30' title="bbox 286 2923 1403 3010; baseline -0.003 -21"><span class='ocrx_word' id='word_1_230' title='bbox 286 2925 454 3010; x_wconf 89' lang='lat' dir='ltr'>ipsacum</span> <span class='ocrx_word' id='word_1_231' title='bbox 477 2926 543 2988; x_wconf 88' lang='lat' dir='ltr'>suis</span> <span class='ocrx_word' id='word_1_232' title='bbox 565 2924 734 2987; x_wconf 79' lang='lat' dir='ltr'>incastris</span> <span class='ocrx_word' id='word_1_233' title='bbox 762 2934 985 3008; x_wconf 74' lang='lat' dir='ltr'>permanente,</span> <span class='ocrx_word' id='word_1_234' title='bbox 1019 2923 1190 2989; x_wconf 89' lang='lat' dir='ltr'>estimabat</span> <span class='ocrx_word' id='word_1_235' title='bbox 1218 2925 1304 2988; x_wconf 90' lang='lat' dir='ltr'>enim</span> <span class='ocrx_word' id='word_1_236' title='bbox 1331 2924 1403 3006; x_wconf 91' lang='lat' dir='ltr'>sibi,</span> 
     </span>
     <span class='ocr_line' id='line_1_31' title="bbox 287 3006 1405 3106; baseline 0 -34"><span class='ocrx_word' id='word_1_237' title='bbox 287 3018 400 3094; x_wconf 87' lang='lat' dir='ltr'>utpote</span> <span class='ocrx_word' id='word_1_238' title='bbox 430 3008 522 3072; x_wconf 88' lang='lat' dir='ltr'>sexui</span> <span class='ocrx_word' id='word_1_239' title='bbox 550 3006 704 3088; x_wconf 87' lang='lat' dir='ltr'>femineo,</span> <span class='ocrx_word' id='word_1_240' title='bbox 737 3008 840 3106; x_wconf 86' lang='lat' dir='ltr'>magis</span> <span class='ocrx_word' id='word_1_241' title='bbox 870 3030 966 3095; x_wconf 89' lang='lat' dir='ltr'>quam</span> <span class='ocrx_word' id='word_1_242' title='bbox 993 3009 1062 3093; x_wconf 88' lang='lat' dir='ltr'>regi</span> <span class='ocrx_word' id='word_1_243' title='bbox 1090 3008 1132 3073; x_wconf 88' lang='lat' dir='ltr'>ab</span> <span class='ocrx_word' id='word_1_244' title='bbox 1160 3007 1306 3073; x_wconf 89' lang='lat' dir='ltr'>hostibus</span> <span class='ocrx_word' id='word_1_245' title='bbox 1333 3029 1405 3094; x_wconf 89' lang='lat' dir='ltr'>par-</span> 
     </span>
     <span class='ocr_line' id='line_1_32' title="bbox 289 3089 1405 3179; baseline -0.002 -22"><span class='ocrx_word' id='word_1_246' title='bbox 289 3091 436 3157; x_wconf 90' lang='lat' dir='ltr'>cendum.</span> <span class='ocrx_word' id='word_1_247' title='bbox 478 3091 629 3156; x_wconf 88' lang='lat' dir='ltr'>Nondum</span> <span class='ocrx_word' id='word_1_248' title='bbox 644 3112 703 3156; x_wconf 85' lang='lat' dir='ltr'>rex</span> <span class='ocrx_word' id='word_1_249' title='bbox 717 3089 843 3178; x_wconf 77' lang='lat' dir='ltr'>longius</span> <span class='ocrx_word' id='word_1_250' title='bbox 857 3102 1065 3179; x_wconf 86' lang='lat' dir='ltr'>processerat,</span> <span class='ocrx_word' id='word_1_251' title='bbox 1088 3114 1163 3156; x_wconf 89' lang='lat' dir='ltr'>cum</span> <span class='ocrx_word' id='word_1_252' title='bbox 1178 3113 1253 3157; x_wconf 90' lang='lat' dir='ltr'>ecce</span> <span class='ocrx_word' id='word_1_253' title='bbox 1269 3091 1405 3177; x_wconf 89' lang='lat' dir='ltr'>Ungarii</span> 
     </span>
     <span class='ocr_line' id='line_1_33' title="bbox 288 3175 1406 3259; baseline -0.002 -19"><span class='ocrx_word' id='word_1_254' title='bbox 288 3198 386 3240; x_wconf 90' lang='lat' dir='ltr'>manu</span> <span class='ocrx_word' id='word_1_255' title='bbox 414 3186 545 3257; x_wconf 89' lang='lat' dir='ltr'>armata,</span> <span class='ocrx_word' id='word_1_256' title='bbox 578 3185 683 3240; x_wconf 86' lang='lat' dir='ltr'>mente</span> <span class='ocrx_word' id='word_1_257' title='bbox 705 3175 845 3259; x_wconf 86' lang='lat' dir='ltr'>efferata,</span> <span class='ocrx_word' id='word_1_258' title='bbox 876 3178 910 3240; x_wconf 92' lang='lat' dir='ltr'>in</span> <span class='ocrx_word' id='word_1_259' title='bbox 938 3177 1066 3241; x_wconf 79' lang='lat' dir='ltr'>castra‘1</span> <span class='ocrx_word' id='word_1_260' title='bbox 1092 3198 1127 3241; x_wconf 93' lang='lat' dir='ltr'>re</span> <span class='ocrx_word' id='word_1_261' title='bbox 1152 3177 1177 3240; x_wconf 80' lang='lat' dir='ltr'>‘s</span> <span class='ocrx_word' id='word_1_262' title='bbox 1198 3178 1333 3257; x_wconf 91' lang='lat' dir='ltr'>irruunt,</span> <span class='ocrx_word' id='word_1_263' title='bbox 1363 3175 1406 3239; x_wconf 92' lang='lat' dir='ltr'>ad</span> 
     </span>
     <span class='ocr_line' id='line_1_34' title="bbox 288 3259 1406 3359; baseline -0.003 -33"><span class='ocrx_word' id='word_1_264' title='bbox 288 3259 499 3326; x_wconf 91' lang='lat' dir='ltr'>occidendum</span> <span class='ocrx_word' id='word_1_265' title='bbox 520 3282 630 3345; x_wconf 86' lang='lat' dir='ltr'>regem</span> <span class='ocrx_word' id='word_1_266' title='bbox 645 3260 678 3322; x_wconf 92' lang='lat' dir='ltr'>in</span> <span class='ocrx_word' id='word_1_267' title='bbox 702 3262 827 3342; x_wconf 85' lang='lat' dir='ltr'>uirunt3</span> <span class='ocrx_word' id='word_1_268' title='bbox 851 3283 946 3347; x_wconf 91' lang='lat' dir='ltr'>quem</span> <span class='ocrx_word' id='word_1_269' title='bbox 967 3259 1097 3325; x_wconf 89' lang='lat' dir='ltr'>tandem</span> <span class='ocrx_word' id='word_1_270' title='bbox 1119 3283 1138 3324; x_wconf 93' lang='lat' dir='ltr'>a</span> <span class='ocrx_word' id='word_1_271' title='bbox 1162 3261 1225 3324; x_wconf 90' lang='lat' dir='ltr'>isse</span> <span class='ocrx_word' id='word_1_272' title='bbox 1240 3281 1299 3359; x_wconf 92' lang='lat' dir='ltr'>pro</span> <span class='ocrx_word' id='word_1_273' title='bbox 1319 3269 1406 3324; x_wconf 91' lang='lat' dir='ltr'>certo</span> 
     </span>
     <span class='ocr_line' id='line_1_35' title="bbox 289 3281 1405 3430; baseline -0.001 -22"><span class='ocrx_word' id='word_1_274' title='bbox 289 3365 327 3408; x_wconf 92' lang='lat' dir='ltr'>co</span> <span class='ocrx_word' id='word_1_275' title='bbox 373 3354 530 3424; x_wconf 88' lang='lat' dir='ltr'>oscentes,</span> <span class='ocrx_word' id='word_1_276' title='bbox 567 3365 656 3407; x_wconf 82' lang='lat' dir='ltr'>more</span> <span class='ocrx_word' id='word_1_277' title='bbox 680 3281 817 3409; x_wconf 69' lang='lat' dir='ltr'>bestiali</span> <span class='ocrx_word' id='word_1_278' title='bbox 853 3346 996 3430; x_wconf 85' lang='lat' dir='ltr'>reginam</span> <span class='ocrx_word' id='word_1_279' title='bbox 1034 3344 1205 3409; x_wconf 88' lang='lat' dir='ltr'>crudeliter</span> <span class='ocrx_word' id='word_1_280' title='bbox 1239 3343 1405 3425; x_wconf 78' lang='lat' dir='ltr'>invadunt,</span> 
     </span>
     <span class='ocr_line' id='line_1_36' title="bbox 288 3428 1404 3527; baseline -0.002 -35"><span class='ocrx_word' id='word_1_281' title='bbox 288 3450 333 3492; x_wconf 86' lang='lat' dir='ltr'>vu</span> <span class='ocrx_word' id='word_1_282' title='bbox 367 3438 467 3510; x_wconf 89' lang='lat' dir='ltr'>erant,</span> <span class='ocrx_word' id='word_1_283' title='bbox 487 3436 702 3514; x_wconf 88' lang='lat' dir='ltr'>prosternunt,</span> <span class='ocrx_word' id='word_1_284' title='bbox 722 3450 847 3512; x_wconf 90' lang='lat' dir='ltr'>manus,</span> <span class='ocrx_word' id='word_1_285' title='bbox 869 3451 949 3515; x_wconf 90' lang='lat' dir='ltr'>quas</span> <span class='ocrx_word' id='word_1_286' title='bbox 966 3428 1178 3515; x_wconf 87' lang='lat' dir='ltr'>supplicando</span> <span class='ocrx_word' id='word_1_287' title='bbox 1190 3428 1404 3527; x_wconf 87' lang='lat' dir='ltr'>protenderat,</span> 
     </span>
     <span class='ocr_line' id='line_1_37' title="bbox 289 3511 1406 3597; baseline 0.001 -22"><span class='ocrx_word' id='word_1_288' title='bbox 289 3511 469 3592; x_wconf 88' lang='lat' dir='ltr'>abscidunt,</span> <span class='ocrx_word' id='word_1_289' title='bbox 498 3513 607 3597; x_wconf 83' lang='lat' dir='ltr'>sicque</span> <span class='ocrx_word' id='word_1_290' title='bbox 629 3512 716 3577; x_wconf 89' lang='lat' dir='ltr'>omni</span> <span class='ocrx_word' id='word_1_291' title='bbox 737 3511 841 3578; x_wconf 87' lang='lat' dir='ltr'>bestia</span> <span class='ocrx_word' id='word_1_292' title='bbox 862 3512 1066 3594; x_wconf 88' lang='lat' dir='ltr'>crudeliores,</span> <span class='ocrx_word' id='word_1_293' title='bbox 1096 3511 1216 3578; x_wconf 79' lang='lat' dir='ltr'>lanceis</span> <span class='ocrx_word' id='word_1_294' title='bbox 1245 3522 1277 3578; x_wconf 91' lang='lat' dir='ltr'>et</span> <span class='ocrx_word' id='word_1_295' title='bbox 1303 3513 1406 3578; x_wconf 86' lang='lat' dir='ltr'>contis</span> 
     </span>
    </p>
   </div>
   <div class='ocr_carea' id='block_1_4' title="bbox 1117 1999 1276 2065">
    <p class='ocr_par' dir='ltr' id='par_1_8' title="bbox 1117 1999 1276 2065">
     <span class='ocr_line' id='line_1_38' title="bbox 1117 1999 1276 2065; baseline 0.006 -2"><span class='ocrx_word' id='word_1_296' title='bbox 1117 1999 1276 2065; x_wconf 80' lang='lat' dir='ltr'>amandat.</span> 
     </span>
    </p>
   </div>
   <div class='ocr_carea' id='block_1_5' title="bbox 290 3744 1407 3857">
    <p class='ocr_par' dir='ltr' id='par_1_9' title="bbox 290 3744 1407 3857">
     <span class='ocr_line' id='line_1_39' title="bbox 290 3744 1407 3806; baseline -0.002 -19"><span class='ocrx_word' id='word_1_297' title='bbox 290 3744 313 3797; x_wconf 78' lang='lat' dir='ltr'>a)</span> <span class='ocrx_word' id='word_1_298' title='bbox 326 3747 388 3787; x_wconf 82' lang='lat' dir='ltr'>inter</span> <span class='ocrx_word' id='word_1_299' title='bbox 403 3745 453 3786; x_wconf 76' lang='lat' dir='ltr'>At.</span> <span class='ocrx_word' id='word_1_300' title='bbox 516 3744 552 3806; x_wconf 54' lang='lat' dir='ltr'>⁸b)</span> <span class='ocrx_word' id='word_1_301' title='bbox 569 3747 688 3788; x_wconf 77' lang='lat' dir='ltr'>hominum</span> <span class='ocrx_word' id='word_1_302' title='bbox 702 3747 837 3790; x_wconf 61' lang='lat' dir='ltr'>culceati.</span> <span class='ocrx_word' id='word_1_303' title='bbox 912 3746 934 3800; x_wconf 88' lang='lat' dir='ltr'>c)</span> <span class='ocrx_word' id='word_1_304' title='bbox 950 3749 1075 3788; x_wconf 77' lang='lat' dir='ltr'>vocabalum</span> <span class='ocrx_word' id='word_1_305' title='bbox 1098 3749 1205 3798; x_wconf 75' lang='lat' dir='ltr'>quoddam</span> <span class='ocrx_word' id='word_1_306' title='bbox 1226 3747 1295 3787; x_wconf 76' lang='lat' dir='ltr'>deam</span> <span class='ocrx_word' id='word_1_307' title='bbox 1314 3747 1407 3790; x_wconf 78' lang='lat' dir='ltr'>videtur.</span> 
     </span>
     <span class='ocr_line' id='line_1_40' title="bbox 290 3803 638 3857; baseline 0.003 -13"><span class='ocrx_word' id='word_1_308' title='bbox 290 3805 314 3856; x_wconf 88' lang='lat' dir='ltr'>d)</span> <span class='ocrx_word' id='word_1_309' title='bbox 331 3808 406 3845; x_wconf 80' lang='lat' dir='ltr'>castro</span> <span class='ocrx_word' id='word_1_310' title='bbox 422 3815 440 3845; x_wconf 89' lang='lat' dir='ltr'>r.</span> <span class='ocrx_word' id='word_1_311' title='bbox 457 3803 572 3857; x_wconf 55' lang='lat' dir='ltr'>tumidas)</span> <span class='ocrx_word' id='word_1_312' title='bbox 590 3805 638 3846; x_wconf 64' lang='lat' dir='ltr'>aa.</span> 
     </span>
    </p>
   </div>
   <div class='ocr_carea' id='block_1_6' title="bbox 289 4007 1407 4298">
    <p class='ocr_par' dir='ltr' id='par_1_10' title="bbox 289 4007 1407 4298">
     <span class='ocr_line' id='line_1_41' title="bbox 293 4007 1407 4079; baseline 0.003 -22"><span class='ocrx_word' id='word_1_313' title='bbox 293 4007 322 4074; x_wconf 88' lang='lat'>1)</span> <span class='ocrx_word' id='word_1_314' title='bbox 341 4007 461 4075; x_wconf 69' lang='lat' dir='ltr'>Foliyno.</span> <span class='ocrx_word' id='word_1_315' title='bbox 506 4007 661 4075; x_wconf 82' lang='lat' dir='ltr'>Diplomata</span> <span class='ocrx_word' id='word_1_316' title='bbox 686 4027 747 4062; x_wconf 82' lang='lat' dir='ltr'>narn</span> <span class='ocrx_word' id='word_1_317' title='bbox 766 4028 852 4078; x_wconf 72' lang='lat' dir='ltr'>rapam</span> <span class='ocrx_word' id='word_1_318' title='bbox 880 4013 955 4079; x_wconf 81' lang='lat' dir='ltr'>apud</span> <span class='ocrx_word' id='word_1_319' title='bbox 981 4013 1164 4064; x_wconf 78' lang='lat' dir='ltr'>Interamnam</span> <span class='ocrx_word' id='word_1_320' title='bbox 1186 4009 1407 4064; x_wconf 67' lang='lat' dir='ltr'>antecoenia·</span> 
     </span>
     <span class='ocr_line' id='line_1_42' title="bbox 292 4081 1407 4152; baseline 0.002 -20"><span class='ocrx_word' id='word_1_321' title='bbox 292 4081 443 4144; x_wconf 72' lang='lat' dir='ltr'>roborasse,</span> <span class='ocrx_word' id='word_1_322' title='bbox 465 4089 561 4147; x_wconf 78' lang='lat' dir='ltr'>postca</span> <span class='ocrx_word' id='word_1_323' title='bbox 580 4082 740 4150; x_wconf 63' lang='lat' dir='ltr'>Fulgincam</span> <span class='ocrx_word' id='word_1_324' title='bbox 766 4085 912 4150; x_wconf 76' lang='lat' dir='ltr'>accessisse,</span> <span class='ocrx_word' id='word_1_325' title='bbox 932 4086 1058 4152; x_wconf 78' lang='lat' dir='ltr'>probant.</span> <span class='ocrx_word' id='word_1_326' title='bbox 1134 4083 1163 4151; x_wconf 79' lang='lat'>2)</span> <span class='ocrx_word' id='word_1_327' title='bbox 1183 4083 1332 4137; x_wconf 70' lang='lat' dir='ltr'>saladinus</span> <span class='ocrx_word' id='word_1_328' title='bbox 1351 4084 1407 4134; x_wconf 84' lang='lat' dir='ltr'>iam</span> 
     </span>
     <span class='ocr_line' id='line_1_43' title="bbox 292 4153 1406 4226; baseline 0.004 -22"><span class='ocrx_word' id='word_1_329' title='bbox 292 4170 318 4206; x_wconf 88' lang='lat' dir='ltr'>a.</span> <span class='ocrx_word' id='word_1_330' title='bbox 340 4155 418 4205; x_wconf 78' lang='lat'>1193.</span> <span class='ocrx_word' id='word_1_331' title='bbox 439 4153 553 4217; x_wconf 58' lang='lat' dir='ltr'>abieram</span> <span class='ocrx_word' id='word_1_332' title='bbox 576 4173 629 4208; x_wconf 86' lang='lat' dir='ltr'>non</span> <span class='ocrx_word' id='word_1_333' title='bbox 649 4166 736 4208; x_wconf 83' lang='lat' dir='ltr'>tamen</span> <span class='ocrx_word' id='word_1_334' title='bbox 754 4157 788 4208; x_wconf 80' lang='lat' dir='ltr'>dc</span> <span class='ocrx_word' id='word_1_335' title='bbox 807 4159 861 4210; x_wconf 83' lang='lat' dir='ltr'>alto</span> <span class='ocrx_word' id='word_1_336' title='bbox 880 4157 1090 4212; x_wconf 64' lang='lat' dir='ltr'>sarracenorum</span> <span class='ocrx_word' id='word_1_337' title='bbox 1115 4174 1174 4226; x_wconf 69' lang='lat' dir='ltr'>naqa</span> <span class='ocrx_word' id='word_1_338' title='bbox 1193 4158 1345 4225; x_wconf 77' lang='lat' dir='ltr'>scriptorem</span> <span class='ocrx_word' id='word_1_339' title='bbox 1364 4174 1406 4208; x_wconf 81' lang='lat' dir='ltr'>co-</span> 
     </span>
     <span class='ocr_line' id='line_1_44' title="bbox 289 4224 1407 4298; baseline 0.003 -21"><span class='ocrx_word' id='word_1_340' title='bbox 289 4224 396 4294; x_wconf 63' lang='lat' dir='ltr'>gitasse,</span> <span class='ocrx_word' id='word_1_341' title='bbox 416 4227 556 4280; x_wconf 81' lang='lat' dir='ltr'>ostendunt</span> <span class='ocrx_word' id='word_1_342' title='bbox 574 4245 642 4295; x_wconf 80' lang='lat' dir='ltr'>quaa</span> <span class='ocrx_word' id='word_1_343' title='bbox 660 4231 743 4296; x_wconf 85' lang='lat' dir='ltr'>paulo</span> <span class='ocrx_word' id='word_1_344' title='bbox 762 4229 838 4298; x_wconf 81' lang='lat' dir='ltr'>infra</span> <span class='ocrx_word' id='word_1_345' title='bbox 852 4240 957 4285; x_wconf 82' lang='lat' dir='ltr'>narrat.</span> <span class='ocrx_word' id='word_1_346' title='bbox 1032 4231 1062 4298; x_wconf 88' lang='grc'>3)</span> <span class='ocrx_word' id='word_1_347' title='bbox 1076 4230 1132 4282; x_wconf 80' lang='lat' dir='ltr'>Atii</span> <span class='ocrx_word' id='word_1_348' title='bbox 1150 4232 1246 4283; x_wconf 81' lang='lat' dir='ltr'>rectius</span> <span class='ocrx_word' id='word_1_349' title='bbox 1264 4231 1293 4281; x_wconf 83' lang='lat' dir='ltr'>in</span> <span class='ocrx_word' id='word_1_350' title='bbox 1312 4238 1407 4283; x_wconf 82' lang='lat' dir='ltr'>octana</span> 
     </span>
    </p>
   </div>
   <div class='ocr_carea' id='block_1_7' title="bbox 292 4297 1406 4439">
    <p class='ocr_par' dir='ltr' id='par_1_11' title="bbox 292 4297 1406 4439">
     <span class='ocr_line' id='line_1_45' title="bbox 292 4297 1406 4371; baseline 0.004 -21"><span class='ocrx_word' id='word_1_351' title='bbox 292 4297 321 4352; x_wconf 75' lang='lat' dir='ltr'>S.</span> <span class='ocrx_word' id='word_1_352' title='bbox 332 4298 445 4351; x_wconf 78' lang='lat' dir='ltr'>Martini</span> <span class='ocrx_word' id='word_1_353' title='bbox 458 4299 598 4368; x_wconf 81' lang='lat' dir='ltr'>(Nooemb.</span> <span class='ocrx_word' id='word_1_354' title='bbox 613 4301 659 4368; x_wconf 89' lang='lat'>18)</span> <span class='ocrx_word' id='word_1_355' title='bbox 677 4304 742 4357; x_wconf 80' lang='lat' dir='ltr'>baec</span> <span class='ocrx_word' id='word_1_356' title='bbox 755 4314 878 4370; x_wconf 61' lang='lat' dir='ltr'>pannon</span> <span class='ocrx_word' id='word_1_357' title='bbox 897 4324 922 4358; x_wconf 84' lang='lat' dir='ltr'>o.</span> <span class='ocrx_word' id='word_1_358' title='bbox 936 4305 1051 4357; x_wconf 65' lang='lat' dir='ltr'>Batnae</span> <span class='ocrx_word' id='word_1_359' title='bbox 1067 4322 1095 4371; x_wconf 86' lang='lat' dir='ltr'>p.</span> <span class='ocrx_word' id='word_1_360' title='bbox 1112 4307 1155 4358; x_wconf 79' lang='lat' dir='ltr'>bb.</span> <span class='ocrx_word' id='word_1_361' title='bbox 1230 4301 1259 4369; x_wconf 78' lang='lat'>4)</span> <span class='ocrx_word' id='word_1_362' title='bbox 1274 4303 1406 4355; x_wconf 73' lang='lat' dir='ltr'>Andreas.</span> 
     </span>
     <span class='ocr_line' id='line_1_46' title="bbox 293 4370 672 4439; baseline 0.018 -17"><span class='ocrx_word' id='word_1_363' title='bbox 293 4370 322 4439; x_wconf 83' lang='lat' dir='ltr'>b)</span> <span class='ocrx_word' id='word_1_364' title='bbox 343 4372 483 4426; x_wconf 74' lang='lat' dir='ltr'>Gertrudis</span> <span class='ocrx_word' id='word_1_365' title='bbox 502 4376 535 4428; x_wconf 80' lang='lat' dir='ltr'>alc</span> <span class='ocrx_word' id='word_1_366' title='bbox 553 4375 672 4429; x_wconf 81' lang='lat' dir='ltr'>Marone.</span> 
     </span>
    </p>
   </div>
   <div class='ocr_carea' id='block_1_8' title="bbox 0 0 1579 4978">
    <p class='ocr_par' dir='ltr' id='par_1_12' title="bbox 0 0 1579 4978">
     <span class='ocr_line' id='line_1_47' title="bbox 0 0 1579 4978; baseline 0 0"><span class='ocrx_word' id='word_1_367' title='bbox 0 0 1579 4978; x_wconf 95' lang='lat' dir='ltr'> </span> 
     </span>
    </p>
   </div>
  </div>
 </body>
</html>
