3122 4978
253 371 442 424 vasculos
461 370 574 424 auum
594 368 850 423 cotouluuffls.
872 367 975 421 CONT.
989 367 1028 420 11.
1047 369 1080 421 Δ.
1095 367 1175 422 1205.
1228 370 1280 420 177

156 538 272 604 diebus
293 547 519 620 commoratus,
540 537 640 602 nimia
660 537 843 625 pluviarum
863 537 1082 621 inundatione,
1110 548 1280 605 ventorum

156 623 294 706 turbine,
316 623 471 709 frigorum
497 623 668 708 asperitate
695 622 770 709 equi
797 621 1046 688 innumerabiles
1073 621 1280 710 nonnullique

157 705 302 774 homines
329 706 513 773 huiusmodi
540 707 623 772 aeris
650 705 855 793 inequalitate
876 708 1049 792 perieumt
1097 705 1169 772 lllic
1189 706 1280 773 ducis

157 791 341 875 Brabantie,
362 793 419 880 qui
440 814 474 857 se
495 789 549 856 illo
570 800 741 856 venturum
768 814 784 855 s
809 791 994 877 oponderat,
1022 791 1282 877 prestolabantur

157 875 343 942 adventum.
420 876 593 941 Heinricus
623 897 732 940 comes
797 898 815 940 e
845 874 950 952 Scine,
982 874 1157 940 admodum
1212 899 1280 956 uer,

158 960 291 1025 consilio
313 970 410 1048 atque
430 971 612 1025 commeatu
633 960 758 1025 comitis
780 959 820 1024 de
840 959 979 1046 Lininge
1000 970 1032 1025 et
1053 959 1094 1026 de
1106 959 1152 1047 sp
1218 963 1280 1027 eim

157 1045 245 1142 regis
270 1045 428 1132 presentie
456 1044 698 1126 coramsistitur,
727 1066 787 1130 pro
812 1045 916 1130 gratia
942 1053 974 1110 et
995 1042 1128 1109 consilio
1158 1044 1199 1112 de
1219 1045 1281 1111 sibi

157 1129 292 1194 obrectis
321 1130 553 1195 satisfacturus.
597 1127 662 1194 Sed
691 1149 823 1192 causam
851 1150 944 1192 suam
969 1128 1010 1193 ad
1040 1128 1190 1194 effectum
1210 1152 1279 1216 per-

157 1211 277 1279 ducere
298 1235 365 1278 non
385 1212 506 1295 valens,
532 1235 592 1278 rex
622 1213 699 1299 quia
726 1212 789 1278 sibi
815 1214 983 1298 mugisse
1010 1214 1115 1298 magis
1141 1213 1280 1279 offensus

157 1295 259 1380 fieret,
281 1297 391 1363 habito
414 1297 556 1380 consilio,
578 1319 598 1361 a
618 1295 771 1383 predictis
793 1296 963 1362 comitibus
985 1318 1051 1361 non
1072 1298 1140 1363 sine
1163 1319 1280 1386 magno

155 1381 272 1447 timore
294 1404 425 1446 suorum
446 1381 487 1446 ad
509 1381 637 1446 Renum
658 1403 762 1468 usque
783 1381 965 1464 deducitur3
988 1402 1053 1466 quo
1082 1383 1225 1465 transito,
1246 1385 1281 1447 in

154 1473 275 1530 terram
297 1488 389 1531 suam
410 1466 589 1532 revertitur.
632 1465 713 1530 Dux
732 1465 959 1547 Brabantinus,
981 1463 1113 1531 collecto
1132 1466 1168 1529 in
1180 1488 1280 1532 unum

155 1569 223 1612 non
251 1551 378 1616 modico
407 1551 561 1632 exercitu,
590 1549 633 1614 ad
665 1571 775 1635 regem
807 1572 909 1636 usque
939 1548 1145 1650 protendens,
1179 1572 1282 1638 prope

156 1631 272 1698 silvam
294 1657 357 1722 que
381 1633 469 1699 Vi‘le
491 1633 609 1700 dicitur
630 1645 736 1700 casua
758 1633 798 1698 de
823 1635 916 1716 osuit,
936 1655 1073 1720 ipseque
1094 1635 1164 1720 regi
1194 1633 1282 1700 locu-

157 1726 249 1782 turus
270 1739 344 1783 cum
365 1721 479 1805 paucis
499 1717 582 1784 ultra
602 1719 768 1818 processit
798 1657 877 1783 ltex
899 1727 932 1782 et
952 1718 1122 1803 optimates
1137 1719 1197 1801 sui,
1213 1720 1281 1785 viso

153 1800 252 1885 duce,
273 1801 379 1868 leticia
401 1825 453 1867 ma
527 1803 682 1886 exertati,
704 1803 825 1887 gratias
862 1803 1024 1866 inmensas
1046 1802 1108 1867 sibi
1129 1802 1281 1884 referunt,

156 1887 266 1971 ipsum
294 1889 364 1973 regi
390 1887 528 1969 fideem,
555 1887 661 1972 ipsum
690 1888 782 1972 regni
802 1896 941 1951 tutorem
962 1895 1159 1952 attestantes.
1208 1887 1282 1953 Dis·

157 1971 264 2036 sensio
300 1972 383 2037 inter
416 1993 527 2036 reem
560 1980 594 2036 et
629 1971 746 2036 ducem
781 1969 974 2069 quibusdam
1009 1970 1282 2037 intercedentibus

158 2057 265 2120 causis
295 2065 364 2121 orta
389 2058 423 2120 in
450 1995 542 2122 brevi
569 2054 651 2120 adeo
680 2053 824 2136 invalurt,
853 2065 890 2118 ut
914 2055 985 2140 ipse
1006 2053 1075 2118 dux
1103 2076 1200 2140 super
1221 2055 1283 2122 boc

158 2140 259 2204 nimia
287 2141 502 2206 commotione
529 2149 620 2204 acuis
649 2139 754 2204 redire
782 2139 977 2225 disponeret,
1008 2139 1090 2203 unde
1118 2147 1184 2202 tam
1212 2140 1282 2225 regi

157 2243 256 2309 quam
278 2225 344 2289 suis
364 2225 542 2289 maximum
563 2224 698 2290 incussit
718 2225 874 2288 timorem.
927 2222 1057 2287 Veritus
1083 2243 1152 2304 rex,
1179 2245 1220 2288 ne
1247 2246 1281 2288 se

156 2306 268 2372 relicto
296 2309 339 2374 ad
367 2308 593 2375 detrimentum
623 2311 673 2373 sui
696 2305 852 2373 Colonie⁸¹
884 2305 1150 2388 confederaretur,
1172 2306 1282 2373 habito

154 2391 300 2476 consilio,
323 2396 512 2458 necessitate
541 2393 643 2479 magis
672 2414 769 2478 quam
795 2390 969 2473 voluntate,
998 2389 1040 2453 ad
1069 2389 1282 2476 mitigandum

158 2475 250 2541 duem
276 2479 419 2542 animum
447 2488 480 2542 et
511 2478 553 2543 ad
581 2477 844 2542 sustentationem
872 2475 1033 2539 exercitus
1065 2474 1129 2540 500
1158 2496 1282 2540 marcas

159 2561 247 2624 omni
268 2563 447 2661 septimana
468 2560 530 2626 sibi
551 2562 622 2626 dari
643 2560 818 2627 constituit
861 2560 940 2623 Post
954 2558 1013 2622 bec
1027 2560 1191 2624 communi
1210 2579 1281 2623 con-

157 2643 229 2710 silio
240 2668 376 2734 parsque
387 2645 551 2711 voluntate
567 2655 671 2711 castra
681 2654 856 2726 moventes,
868 2642 1036 2708 Coloniam
1047 2642 1281 2728 applicuerunt,

159 2728 217 2793 ubi
245 2751 336 2796 secus
366 2730 480 2796 silvam
507 2753 570 2817 que
597 2727 741 2794 Hirsholz
769 2729 887 2794 dicitur
913 2727 1047 2812 figentes
1074 2726 1282 2793 tabernacula

157 2814 376 2879 resederuntl’.
418 2814 471 2880 Ibi
492 2837 551 2878 rex
572 2813 659 2879 nulla
680 2813 864 2879 certaminis
886 2812 1112 2896 congressione
1125 2833 1203 2876 usus
1224 2822 1280 2877 est.

156 2897 310 2978 Quadam
331 2920 408 2964 vcro
430 2900 482 2964 die
504 2899 571 2964 dux
592 2898 768 2980 Austrasic,
790 2896 859 2961 dux
879 2896 1036 2977 Baioarie,
1058 2918 1134 2981 rege
1163 2896 1283 2982 quieto,

156 2983 221 3067 ipsi
243 3005 317 3047 cum
339 2985 406 3048 suis
427 2984 470 3049 ad
491 3005 619 3047 murum
640 2981 840 3062 accedentes,
861 2979 1069 3045 interioribus
1084 2999 1194 3044 secum
1209 3002 1283 3045 con·

156 3065 327 3152 grediendi
353 3069 479 3154 copiam
506 3069 617 3132 martis
647 3065 839 3133 obtulerunt.
895 3064 972 3130 Otto
1001 3085 1070 3146 rex,
1098 3062 1282 3129 Walravius

159 3160 192 3215 et
223 3153 279 3238 qui
310 3173 385 3217 cum
415 3153 497 3238 ipsis
530 3162 622 3217 erant
654 3160 808 3215 consueta
838 3149 1102 3233 magnanimitate
1134 3170 1153 3213 a
1181 3149 1282 3234 portis

157 3247 362 3322 erumpentes
395 3235 560 3322 ferocique
592 3237 714 3321 impetu
743 3236 778 3298 in
804 3233 912 3297 hostes
938 3231 1123 3311 insilientes,
1159 3230 1284 3298 fortiter

158 3341 234 3384 cum
256 3323 302 3386 eis
326 3321 479 3386 dimicare
501 3331 664 3408 ceperunt,
679 3318 924 3403 alternatimque
939 3324 1170 3397 concertantes,
1185 3314 1282 3400 pluri-

159 3425 248 3468 mum
271 3406 335 3472 diei
357 3427 489 3471 consum
514 3427 611 3471 serum
656 3403 760 3468 donee
781 3400 921 3484 tandem,
943 3398 1062 3464 Ottone
1086 3421 1172 3483 rege,
1195 3398 1283 3465 Wal-

159 3489 249 3553 ravio
271 3491 446 3577 multisque
468 3426 539 3554 aliis
554 3489 629 3554 hinc
643 3487 764 3554 atinde
779 3485 920 3572 graviter
936 3482 1120 3565 vulneratis,
1135 3482 1283 3569 pluribus

156 3592 199 3635 ca
221 3573 261 3637 tir
289 3585 322 3641 et
350 3575 477 3657 occisis,
506 3574 627 3662 quique
653 3572 695 3637 ad
728 3592 789 3637 sua
816 3590 881 3633 non
916 3569 985 3633 sine
1015 3566 1156 3652 dampno
1191 3568 1283 3652 gravi

158 3594 332 3743 redierunt,
364 3659 464 3724 multo
496 3668 604 3723 umen
633 3655 741 3744 plures
762 3655 804 3721 de
826 3651 1040 3719 exterioribus
1068 3649 1283 3716 ceciderunt¹.

158 3739 283 3826 Captus
312 3753 360 3809 est
386 3743 432 3809 ibi
453 3742 671 3809 Theodericus
705 3739 887 3828 prepositus
917 3737 1029 3804 Sancti
1058 3734 1216 3835 (tereonis
1253 3745 1286 3835 et

158 3827 353 3910 Macharius,
373 3826 458 3892 filius
481 3828 572 3893 ducis
595 3826 635 3893 de
656 3825 823 3910 Limburg.
856 3824 1009 3905 Quicum
1024 3842 1094 3906 regr
1108 3827 1283 3907 presentati

157 3915 304 3995 tuissent,
329 3912 565 3978 Theodericum
586 3911 785 3999 prepositum
814 3906 960 3973 custodie
982 3904 1189 3992 mancipavit,
1217 3905 1285 3969 Ma-

158 3999 304 4064 charium
333 4017 410 4062 vero
437 3996 588 4063 decollari
619 3995 794 4076 mandavit,
823 3992 881 4059 sed
910 3999 1042 4078 propter
1063 3988 1179 4055 ducem
1206 3989 1284 4052 Bra·

159 4197 183 4250 a)
200 4197 249 4240 Ool'
264 4197 311 4240 Ar.
371 4195 396 4249 b)
413 4209 458 4240 res.
476 4217 502 4227 —
520 4198 653 4238 certaminis
668 4196 693 4238 ta
707 4207 776 4246 sacro.
792 4195 865 4245 suppl.
882 4193 929 4235 At.

160 4366 191 4434 1)
211 4367 251 4434 Cf.
272 4367 368 4420 Utrcn.
386 4367 499 4438 rhyttm.
518 4367 634 4420 anac.
652 4385 681 4434 p.
701 4366 764 4418 535.
