<?xml version="1.0" encoding="UTF-8"?>
<!DOCTYPE html PUBLIC "-//W3C//DTD XHTML 1.0 Transitional//EN"
    "http://www.w3.org/TR/xhtml1/DTD/xhtml1-transitional.dtd">
<html xmlns="http://www.w3.org/1999/xhtml" xml:lang="en" lang="en">
 <head>
  <title>
</title>
<meta http-equiv="Content-Type" content="text/html;charset=utf-8" />
  <meta name='ocr-system' content='tesseract 3.04.00' />
  <meta name='ocr-capabilities' content='ocr_page ocr_carea ocr_par ocr_line ocrx_word'/>
</head>
<body>
  <div class='ocr_page' id='page_1' title='image "./chronicaregiaco00germgoog_0397.png"; bbox 0 0 2988 5058; ppageno 0'>
   <div class='ocr_carea' id='block_1_1' title="bbox 286 365 1193 441">
    <p class='ocr_par' dir='ltr' id='par_1_1' title="bbox 286 365 1193 441">
     <span class='ocr_line' id='line_1_1' title="bbox 286 365 1193 441; baseline 0 -7"><span class='ocrx_word' id='word_1_1' title='bbox 286 383 441 434; x_wconf 81' lang='lat' dir='ltr'>MARTINI</span> <span class='ocrx_word' id='word_1_2' title='bbox 462 383 709 436; x_wconf 83' lang='lat' dir='ltr'>OONTINUATIO</span> <span class='ocrx_word' id='word_1_3' title='bbox 731 365 983 438; x_wconf 78' lang='lat' dir='ltr'><em>COLONIENSlS.</em></span> <span class='ocrx_word' id='word_1_4' title='bbox 1141 387 1193 441; x_wconf 85' lang='grc'><em>367</em></span> 
     </span>
    </p>
   </div>
   <div class='ocr_carea' id='block_1_2' title="bbox 38 550 1196 1058">
    <p class='ocr_par' dir='ltr' id='par_1_2' title="bbox 38 550 1196 1058">
     <span class='ocr_line' id='line_1_2' title="bbox 38 550 1196 636; baseline 0.002 -20"><span class='ocrx_word' id='word_1_5' title='bbox 38 554 216 636; x_wconf 71' lang='lat' dir='ltr'><em>poterit²</em></span> <span class='ocrx_word' id='word_1_6' title='bbox 237 550 445 617; x_wconf 89' lang='lat' dir='ltr'><em>latitudinem</em></span> <span class='ocrx_word' id='word_1_7' title='bbox 469 553 572 616; x_wconf 84' lang='lat' dir='ltr'><em>utaris</em></span> <span class='ocrx_word' id='word_1_8' title='bbox 595 552 796 633; x_wconf 76' lang='lat' dir='ltr'><strong><em>obumbrare,</em></strong></span> <span class='ocrx_word' id='word_1_9' title='bbox 819 560 848 615; x_wconf 89' lang='lat' dir='ltr'><em>et</em></span> <span class='ocrx_word' id='word_1_10' title='bbox 870 552 955 615; x_wconf 88' lang='lat' dir='ltr'><em>velut</em></span> <span class='ocrx_word' id='word_1_11' title='bbox 976 553 1093 636; x_wconf 79' lang='lat' dir='ltr'><em>puttab</em></span> <span class='ocrx_word' id='word_1_12' title='bbox 1108 557 1196 621; x_wconf 90' lang='lat' dir='ltr'><em>roris</em></span> 
     </span>
     <span class='ocr_line' id='line_1_3' title="bbox 46 633 1195 722; baseline 0.003 -23"><span class='ocrx_word' id='word_1_13' title='bbox 46 637 213 700; x_wconf 84' lang='lat' dir='ltr'><em>minima</em></span> <span class='ocrx_word' id='word_1_14' title='bbox 221 646 233 678; x_wconf 83' lang='lat'><strong>⁰</strong></span> <span class='ocrx_word' id='word_1_15' title='bbox 242 645 357 700; x_wconf 87' lang='lat' dir='ltr'><em>contra</em></span> <span class='ocrx_word' id='word_1_16' title='bbox 369 659 533 722; x_wconf 78' lang='lat' dir='ltr'><em>aquarum</em></span> <span class='ocrx_word' id='word_1_17' title='bbox 540 635 779 700; x_wconf 77' lang='lat' dir='ltr'><em>multitudinem</em></span> <span class='ocrx_word' id='word_1_18' title='bbox 791 637 827 700; x_wconf 92' lang='lat' dir='ltr'><em>in</em></span> <span class='ocrx_word' id='word_1_19' title='bbox 839 633 953 699; x_wconf 81' lang='lat' dir='ltr'><em>lanced</em></span> <span class='ocrx_word' id='word_1_20' title='bbox 965 639 1075 720; x_wconf 85' lang='lat' dir='ltr'><em>positu</em></span> <span class='ocrx_word' id='word_1_21' title='bbox 1087 659 1195 703; x_wconf 87' lang='lat' dir='ltr'><em>nume-</em></span> 
     </span>
     <span class='ocr_line' id='line_1_4' title="bbox 48 720 1195 803; baseline 0.005 -21"><span class='ocrx_word' id='word_1_22' title='bbox 48 730 149 784; x_wconf 78' lang='lat' dir='ltr'><em>rus⁸</em></span> <span class='ocrx_word' id='word_1_23' title='bbox 177 730 253 784; x_wconf 92' lang='lat' dir='ltr'><em>tuus</em></span> <span class='ocrx_word' id='word_1_24' title='bbox 280 721 430 784; x_wconf 84' lang='lat' dir='ltr'><em>uirtutem</em></span> <span class='ocrx_word' id='word_1_25' title='bbox 452 722 559 784; x_wconf 89' lang='lat' dir='ltr'><em>nostri</em></span> <span class='ocrx_word' id='word_1_26' title='bbox 586 723 747 786; x_wconf 84' lang='lat' dir='ltr'><em>enercitus</em></span> <span class='ocrx_word' id='word_1_27' title='bbox 767 720 1007 803; x_wconf 83' lang='lat' dir='ltr'><em>reponderabit.</em></span> <span class='ocrx_word' id='word_1_28' title='bbox 1054 721 1195 788; x_wconf 83' lang='lat' dir='ltr'><em>Consule</em></span> 
     </span>
     <span class='ocr_line' id='line_1_5' title="bbox 49 803 1195 890; baseline 0.006 -25"><span class='ocrx_word' id='word_1_29' title='bbox 49 803 142 886; x_wconf 82' lang='lat' dir='ltr'><em>tibi,</em></span> <span class='ocrx_word' id='word_1_30' title='bbox 168 803 246 888; x_wconf 73' lang='lat' dir='ltr'><em>quil</em></span> <span class='ocrx_word' id='word_1_31' title='bbox 262 803 457 889; x_wconf 73' lang='lat' dir='ltr'><em>intelliqens,</em></span> <span class='ocrx_word' id='word_1_32' title='bbox 480 805 538 888; x_wconf 80' lang='lat' dir='ltr'><em>qui</em></span> <span class='ocrx_word' id='word_1_33' title='bbox 552 805 703 890; x_wconf 87' lang='lat' dir='ltr'><em>prudens</em></span> <span class='ocrx_word' id='word_1_34' title='bbox 718 805 850 883; x_wconf 88' lang='lat' dir='ltr'><em>diceris,</em></span> <span class='ocrx_word' id='word_1_35' title='bbox 873 825 969 868; x_wconf 85' lang='lat' dir='ltr'><em>serua</em></span> <span class='ocrx_word' id='word_1_36' title='bbox 990 806 1058 869; x_wconf 91' lang='lat' dir='ltr'><em>iam</em></span> <span class='ocrx_word' id='word_1_37' title='bbox 1078 810 1195 872; x_wconf 80' lang='lat' dir='ltr'><em>morti⁰</em></span> 
     </span>
     <span class='ocr_line' id='line_1_6' title="bbox 53 887 1196 974; baseline 0.003 -24"><span class='ocrx_word' id='word_1_38' title='bbox 53 890 249 971; x_wconf 74' lang='lat' dir='ltr'><em>expositos,</em></span> <span class='ocrx_word' id='word_1_39' title='bbox 271 910 337 952; x_wconf 91' lang='lat' dir='ltr'><em>non</em></span> <span class='ocrx_word' id='word_1_40' title='bbox 353 888 470 952; x_wconf 85' lang='lat' dir='ltr'><em>tradas</em></span> <span class='ocrx_word' id='word_1_41' title='bbox 491 889 687 952; x_wconf 73' lang='lat' dir='ltr'><em>innocuas.</em></span> <span class='ocrx_word' id='word_1_42' title='bbox 720 887 880 973; x_wconf 77' lang='lat' dir='ltr'><em>Alioquin</em></span> <span class='ocrx_word' id='word_1_43' title='bbox 902 887 988 954; x_wconf 77' lang='lat' dir='ltr'><em>erish</em></span> <span class='ocrx_word' id='word_1_44' title='bbox 1005 911 1196 974; x_wconf 87' lang='lat' dir='ltr'><em>pauperum</em></span> 
     </span>
     <span class='ocr_line' id='line_1_7' title="bbox 55 971 1196 1058; baseline 0.002 -22"><span class='ocrx_word' id='word_1_45' title='bbox 55 973 210 1052; x_wconf 89' lang='lat' dir='ltr'><em>occisor,</em></span> <span class='ocrx_word' id='word_1_46' title='bbox 246 974 385 1056; x_wconf 84' lang='lat' dir='ltr'><em>inopum</em></span> <span class='ocrx_word' id='word_1_47' title='bbox 414 971 610 1052; x_wconf 79' lang='lat' dir='ltr'><em>dilaniatur,</em></span> <span class='ocrx_word' id='word_1_48' title='bbox 648 972 848 1056; x_wconf 87' lang='lat' dir='ltr'><em>simplicium</em></span> <span class='ocrx_word' id='word_1_49' title='bbox 877 973 1037 1054; x_wconf 73' lang='lat' dir='ltr'><em>seductor,</em></span> <span class='ocrx_word' id='word_1_50' title='bbox 1069 982 1098 1038; x_wconf 90' lang='lat' dir='ltr'><em>et</em></span> <span class='ocrx_word' id='word_1_51' title='bbox 1125 978 1196 1058; x_wconf 82' lang='lat' dir='ltr'><em>ipse</em></span> 
     </span>
    </p>
   </div>
   <div class='ocr_carea' id='block_1_3' title="bbox 53 1056 1316 3410">
    <p class='ocr_par' dir='ltr' id='par_1_3' title="bbox 53 1056 1197 1478">
     <span class='ocr_line' id='line_1_8' title="bbox 55 1056 1197 1142; baseline 0.002 -23"><span class='ocrx_word' id='word_1_52' title='bbox 55 1064 195 1120; x_wconf 82' lang='lat' dir='ltr'><em>mature</em></span> <span class='ocrx_word' id='word_1_53' title='bbox 217 1056 370 1120; x_wconf 90' lang='lat' dir='ltr'><em>conditor</em></span> <span class='ocrx_word' id='word_1_54' title='bbox 396 1078 496 1140; x_wconf 85' lang='lat' dir='ltr'><em>saper</em></span> <span class='ocrx_word' id='word_1_55' title='bbox 522 1065 550 1119; x_wconf 90' lang='lat' dir='ltr'><em>te</em></span> <span class='ocrx_word' id='word_1_56' title='bbox 580 1078 777 1141; x_wconf 75' lang='lat' dir='ltr'><em>sanquinem</em></span> <span class='ocrx_word' id='word_1_57' title='bbox 799 1057 1027 1140; x_wconf 89' lang='lat' dir='ltr'><em>predictorum</em></span> <span class='ocrx_word' id='word_1_58' title='bbox 1055 1060 1197 1142; x_wconf 78' lang='lat' dir='ltr'><em>requiret</em></span> 
     </span>
     <span class='ocr_line' id='line_1_9' title="bbox 55 1140 1196 1224; baseline 0.004 -22"><span class='ocrx_word' id='word_1_59' title='bbox 55 1149 95 1202; x_wconf 90' lang='lat' dir='ltr'><em>et</em></span> <span class='ocrx_word' id='word_1_60' title='bbox 114 1162 230 1204; x_wconf 89' lang='lat' dir='ltr'><em>coram</em></span> <span class='ocrx_word' id='word_1_61' title='bbox 247 1141 335 1204; x_wconf 90' lang='lat' dir='ltr'><em>omni</em></span> <span class='ocrx_word' id='word_1_62' title='bbox 360 1142 485 1204; x_wconf 89' lang='lat' dir='ltr'><em>otencia</em></span> <span class='ocrx_word' id='word_1_63' title='bbox 506 1161 569 1204; x_wconf 85' lang='lat' dir='ltr'><em>sua</em></span> <span class='ocrx_word' id='word_1_64' title='bbox 579 1140 809 1224; x_wconf 69' lang='lat' dir='ltr'><em>permanebisl</em></span> <span class='ocrx_word' id='word_1_65' title='bbox 832 1142 998 1204; x_wconf 82' lang='lat' dir='ltr'><em>racionem</em></span> <span class='ocrx_word' id='word_1_66' title='bbox 1020 1143 1196 1206; x_wconf 72' lang='lat' dir='ltr'><em>certissime</em></span> 
     </span>
     <span class='ocr_line' id='line_1_10' title="bbox 53 1163 1195 1310; baseline 0.005 -25"><span class='ocrx_word' id='word_1_67' title='bbox 53 1225 276 1291; x_wconf 88' lang='lat' dir='ltr'><em>redditurus.</em></span> <span class='ocrx_word' id='word_1_68' title='bbox 320 1163 444 1288; x_wconf 54' lang='lat' dir='ltr'><em>datum</em></span> <span class='ocrx_word' id='word_1_69' title='bbox 456 1223 657 1288; x_wconf 69' lang='lat' dir='ltr'><em>Bolrilonie¹¹</em></span> <span class='ocrx_word' id='word_1_70' title='bbox 672 1226 801 1288; x_wconf 89' lang='lat' dir='ltr'><em>civitate</em></span> <span class='ocrx_word' id='word_1_71' title='bbox 813 1232 926 1288; x_wconf 86' lang='lat' dir='ltr'><em>nostra</em></span> <span class='ocrx_word' id='word_1_72' title='bbox 938 1224 1195 1310; x_wconf 82' lang='lat' dir='ltr'><em>opulentissima,</em></span> 
     </span>
     <span class='ocr_line' id='line_1_11' title="bbox 58 1309 1068 1393; baseline 0.003 -22"><span class='ocrx_word' id='word_1_73' title='bbox 58 1331 167 1372; x_wconf 88' lang='lat' dir='ltr'><em>anno</em></span> <span class='ocrx_word' id='word_1_74' title='bbox 190 1309 377 1372; x_wconf 84' lang='lat' dir='ltr'><em>natiuitatis</em></span> <span class='ocrx_word' id='word_1_75' title='bbox 398 1317 505 1372; x_wconf 89' lang='lat' dir='ltr'><em>nostre</em></span> <span class='ocrx_word' id='word_1_76' title='bbox 527 1309 594 1388; x_wconf 81' lang='lat'><em>35¹,</em></span> <span class='ocrx_word' id='word_1_77' title='bbox 622 1310 719 1393; x_wconf 72' lang='lat' dir='ltr'><em>requi</em></span> <span class='ocrx_word' id='word_1_78' title='bbox 739 1330 813 1372; x_wconf 88' lang='lat' dir='ltr'><em>vero</em></span> <span class='ocrx_word' id='word_1_79' title='bbox 836 1311 943 1372; x_wconf 87' lang='lat' dir='ltr'><em>nostri</em></span> <span class='ocrx_word' id='word_1_80' title='bbox 965 1309 1068 1374; x_wconf 75' lang='lat' dir='ltr'><em>lar-¹.</em></span> 
     </span>
     <span class='ocr_line' id='line_1_12' title="bbox 158 1391 663 1478; baseline -0.004 -22"><span class='ocrx_word' id='word_1_81' title='bbox 158 1393 207 1456; x_wconf 90' lang='lat' dir='ltr'><em>Im</em></span> <span class='ocrx_word' id='word_1_82' title='bbox 233 1400 338 1456; x_wconf 81' lang='lat' dir='ltr'><em>erutor</em></span> <span class='ocrx_word' id='word_1_83' title='bbox 358 1392 467 1478; x_wconf 82' lang='lat' dir='ltr'><em>itaque</em></span> <span class='ocrx_word' id='word_1_84' title='bbox 489 1391 663 1456; x_wconf 87' lang='lat' dir='ltr'><em>Heinricus</em></span> 
     </span>
    </p>

    <p class='ocr_par' dir='ltr' id='par_1_4' title="bbox 60 1413 1305 2403">
     <span class='ocr_line' id='line_1_13' title="bbox 201 1413 1166 1561; baseline 0.001 -22"><span class='ocrx_word' id='word_1_85' title='bbox 201 1413 255 1539; x_wconf 62' lang='lat' dir='ltr'><em>tiit</em></span> <span class='ocrx_word' id='word_1_86' title='bbox 276 1485 386 1540; x_wconf 89' lang='lat' dir='ltr'><em>actum</em></span> <span class='ocrx_word' id='word_1_87' title='bbox 408 1474 551 1558; x_wconf 88' lang='lat' dir='ltr'><em>credens,</em></span> <span class='ocrx_word' id='word_1_88' title='bbox 574 1497 647 1539; x_wconf 85' lang='lat' dir='ltr'><em>oum</em></span> <span class='ocrx_word' id='word_1_89' title='bbox 671 1474 770 1561; x_wconf 84' lang='lat' dir='ltr'><em>quid¹¹</em></span> <span class='ocrx_word' id='word_1_90' title='bbox 792 1479 973 1561; x_wconf 82' lang='lat' dir='ltr'><em>superesset</em></span> <span class='ocrx_word' id='word_1_91' title='bbox 994 1475 1166 1560; x_wconf 87' lang='lat' dir='ltr'><em>agendum,</em></span> 
     </span>
     <span class='ocr_line' id='line_1_14' title="bbox 61 1558 1194 1647; baseline 0.004 -26"><span class='ocrx_word' id='word_1_92' title='bbox 61 1559 105 1622; x_wconf 91' lang='lat' dir='ltr'><em>in</em></span> <span class='ocrx_word' id='word_1_93' title='bbox 127 1561 310 1625; x_wconf 86' lang='lat' dir='ltr'><em>anteriora⁰</em></span> <span class='ocrx_word' id='word_1_94' title='bbox 326 1561 527 1647; x_wconf 86' lang='lat' dir='ltr'><em>prospiciens</em></span> <span class='ocrx_word' id='word_1_95' title='bbox 545 1568 578 1624; x_wconf 89' lang='lat' dir='ltr'><em>et</em></span> <span class='ocrx_word' id='word_1_96' title='bbox 598 1582 709 1626; x_wconf 90' lang='lat' dir='ltr'><em>eorum</em></span> <span class='ocrx_word' id='word_1_97' title='bbox 746 1581 787 1624; x_wconf 91' lang='lat' dir='ltr'><em>ue</em></span> <span class='ocrx_word' id='word_1_98' title='bbox 802 1569 885 1624; x_wconf 87' lang='lat' dir='ltr'><em>retro</em></span> <span class='ocrx_word' id='word_1_99' title='bbox 901 1570 975 1625; x_wconf 88' lang='lat' dir='ltr'><em>sunt</em></span> <span class='ocrx_word' id='word_1_100' title='bbox 990 1558 1194 1643; x_wconf 84' lang='lat' dir='ltr'><em>obliviscens,</em></span> 
     </span>
     <span class='ocr_line' id='line_1_15' title="bbox 60 1581 1194 1730; baseline 0.003 -24"><span class='ocrx_word' id='word_1_101' title='bbox 60 1665 86 1706; x_wconf 85' lang='lat' dir='ltr'><em>a</em></span> <span class='ocrx_word' id='word_1_102' title='bbox 124 1652 271 1728; x_wconf 87' lang='lat' dir='ltr'><em>tempore</em></span> <span class='ocrx_word' id='word_1_103' title='bbox 309 1645 510 1730; x_wconf 88' lang='lat' dir='ltr'><em>imperatoris</em></span> <span class='ocrx_word' id='word_1_104' title='bbox 538 1644 697 1709; x_wconf 80' lang='lat' dir='ltr'><em>Friderici</em></span> <span class='ocrx_word' id='word_1_105' title='bbox 725 1581 771 1708; x_wconf 82' lang='lat' dir='ltr'><em>ll.</em></span> <span class='ocrx_word' id='word_1_106' title='bbox 800 1643 948 1728; x_wconf 83' lang='lat' dir='ltr'><em>neglecta</em></span> <span class='ocrx_word' id='word_1_107' title='bbox 980 1652 1012 1709; x_wconf 90' lang='lat' dir='ltr'><em>et</em></span> <span class='ocrx_word' id='word_1_108' title='bbox 1043 1666 1063 1708; x_wconf 87' lang='lat' dir='ltr'><em>a</em></span> <span class='ocrx_word' id='word_1_109' title='bbox 1094 1666 1194 1729; x_wconf 84' lang='lat' dir='ltr'><em>regno</em></span> 
     </span>
     <span class='ocr_line' id='line_1_16' title="bbox 62 1726 1194 1814; baseline 0.001 -22"><span class='ocrx_word' id='word_1_110' title='bbox 62 1726 213 1792; x_wconf 85' lang='lat' dir='ltr'><em>alienata</em></span> <span class='ocrx_word' id='word_1_111' title='bbox 228 1749 418 1812; x_wconf 82' lang='lat' dir='ltr'><em>recuperare</em></span> <span class='ocrx_word' id='word_1_112' title='bbox 434 1728 593 1813; x_wconf 85' lang='lat' dir='ltr'><em>cupiebat.</em></span> <span class='ocrx_word' id='word_1_113' title='bbox 638 1729 852 1814; x_wconf 80' lang='lat' dir='ltr'><em>Quocumque</em></span> <span class='ocrx_word' id='word_1_114' title='bbox 868 1737 974 1792; x_wconf 85' lang='lat' dir='ltr'><em>autem</em></span> <span class='ocrx_word' id='word_1_115' title='bbox 991 1750 1025 1793; x_wconf 90' lang='lat' dir='ltr'><em>se</em></span> <span class='ocrx_word' id='word_1_116' title='bbox 1039 1731 1194 1811; x_wconf 86' lang='lat' dir='ltr'><em>vertebat,</em></span> 
     </span>
     <span class='ocr_line' id='line_1_17' title="bbox 64 1811 1193 1898; baseline 0.001 -21"><span class='ocrx_word' id='word_1_117' title='bbox 64 1811 211 1877; x_wconf 87' lang='lat' dir='ltr'><em>victoria</em></span> <span class='ocrx_word' id='word_1_118' title='bbox 232 1813 344 1896; x_wconf 89' lang='lat' dir='ltr'><em>pocius</em></span> <span class='ocrx_word' id='word_1_119' title='bbox 367 1833 450 1894; x_wconf 88' lang='lat' dir='ltr'><em>eum,</em></span> <span class='ocrx_word' id='word_1_120' title='bbox 472 1821 508 1876; x_wconf 89' lang='lat' dir='ltr'><em>ut</em></span> <span class='ocrx_word' id='word_1_121' title='bbox 529 1813 575 1876; x_wconf 87' lang='lat' dir='ltr'><em>ita</em></span> <span class='ocrx_word' id='word_1_122' title='bbox 591 1812 726 1893; x_wconf 86' lang='lat' dir='ltr'><em>dicatur,</em></span> <span class='ocrx_word' id='word_1_123' title='bbox 748 1811 943 1897; x_wconf 83' lang='lat' dir='ltr'><em>precedebat</em></span> <span class='ocrx_word' id='word_1_124' title='bbox 965 1834 1062 1898; x_wconf 91' lang='lat' dir='ltr'><em>quam</em></span> <span class='ocrx_word' id='word_1_125' title='bbox 1085 1835 1193 1898; x_wconf 89' lang='lat' dir='ltr'><em>seque·</em></span> 
     </span>
     <span class='ocr_line' id='line_1_18' title="bbox 64 1893 1193 1994; baseline 0.002 -34"><span class='ocrx_word' id='word_1_126' title='bbox 64 1895 187 1978; x_wconf 79' lang='lat' dir='ltr'><em>batur3</em></span> <span class='ocrx_word' id='word_1_127' title='bbox 211 1906 242 1959; x_wconf 86' lang='lat' dir='ltr'><em>et</em></span> <span class='ocrx_word' id='word_1_128' title='bbox 264 1895 311 1959; x_wconf 88' lang='lat' dir='ltr'><em>sio</em></span> <span class='ocrx_word' id='word_1_129' title='bbox 332 1893 441 1994; x_wconf 85' lang='lat' dir='ltr'><em>aliqui,</em></span> <span class='ocrx_word' id='word_1_130' title='bbox 464 1917 544 1981; x_wconf 88' lang='lat' dir='ltr'><em>quos</em></span> <span class='ocrx_word' id='word_1_131' title='bbox 566 1897 731 1962; x_wconf 86' lang='lat' dir='ltr'><em>nominare</em></span> <span class='ocrx_word' id='word_1_132' title='bbox 753 1895 900 1960; x_wconf 90' lang='lat' dir='ltr'><em>illicitum</em></span> <span class='ocrx_word' id='word_1_133' title='bbox 923 1905 980 1978; x_wconf 91' lang='lat' dir='ltr'><em>est,</em></span> <span class='ocrx_word' id='word_1_134' title='bbox 1003 1897 1070 1960; x_wconf 90' lang='lat' dir='ltr'><em>eius</em></span> <span class='ocrx_word' id='word_1_135' title='bbox 1092 1897 1193 1962; x_wconf 92' lang='lat' dir='ltr'><em>incre·</em></span> 
     </span>
     <span class='ocr_line' id='line_1_19' title="bbox 66 1980 1271 2065; baseline 0.001 -22"><span class='ocrx_word' id='word_1_136' title='bbox 66 1989 220 2044; x_wconf 90' lang='lat' dir='ltr'><em>mentum</em></span> <span class='ocrx_word' id='word_1_137' title='bbox 235 2001 330 2043; x_wconf 92' lang='lat' dir='ltr'><em>suum</em></span> <span class='ocrx_word' id='word_1_138' title='bbox 345 1982 564 2045; x_wconf 76' lang='lat' dir='ltr'><em>existimantes</em></span> <span class='ocrx_word' id='word_1_139' title='bbox 579 1980 814 2063; x_wconf 83' lang='lat' dir='ltr'><em>detrimentum,</em></span> <span class='ocrx_word' id='word_1_140' title='bbox 833 2001 905 2043; x_wconf 88' lang='lat' dir='ltr'><em>oum</em></span> <span class='ocrx_word' id='word_1_141' title='bbox 920 1981 954 2042; x_wconf 91' lang='lat' dir='ltr'><em>in</em></span> <span class='ocrx_word' id='word_1_142' title='bbox 968 1981 1193 2065; x_wconf 85' lang='lat' dir='ltr'><em>assumpcione</em></span> <span class='ocrx_word' id='word_1_143' title='bbox 1203 2001 1271 2044; x_wconf 79' lang='lat' dir='ltr'><em>turs.</em></span> 
     </span>
     <span class='ocr_line' id='line_1_20' title="bbox 70 2059 1305 2150; baseline 0 -22"><span class='ocrx_word' id='word_1_144' title='bbox 70 2064 212 2148; x_wconf 89' lang='lat' dir='ltr'><em>virginis</em></span> <span class='ocrx_word' id='word_1_145' title='bbox 239 2062 378 2148; x_wconf 84' lang='lat' dir='ltr'><em>gloriose</em></span> <span class='ocrx_word' id='word_1_146' title='bbox 405 2067 634 2148; x_wconf 85' lang='lat' dir='ltr'><em>comunicaret,</em></span> <span class='ocrx_word' id='word_1_147' title='bbox 667 2065 701 2128; x_wconf 91' lang='lat' dir='ltr'><em>in</em></span> <span class='ocrx_word' id='word_1_148' title='bbox 728 2065 799 2150; x_wconf 92' lang='lat' dir='ltr'><em>ipso</em></span> <span class='ocrx_word' id='word_1_149' title='bbox 828 2073 1028 2128; x_wconf 87' lang='lat' dir='ltr'><em>sacramento</em></span> <span class='ocrx_word' id='word_1_150' title='bbox 1056 2086 1192 2148; x_wconf 89' lang='lat' dir='ltr'><em>veneno,</em></span> <span class='ocrx_word' id='word_1_151' title='bbox 1202 2059 1258 2112; x_wconf 75' lang='lat'>⁴¹¹‘⁹·</span> <span class='ocrx_word' id='word_1_152' title='bbox 1269 2059 1305 2106; x_wconf 76' lang='lat'><em>¹⁶·</em></span> 
     </span>
     <span class='ocr_line' id='line_1_21' title="bbox 68 2147 1192 2232; baseline 0 -20"><span class='ocrx_word' id='word_1_153' title='bbox 68 2156 110 2212; x_wconf 89' lang='lat' dir='ltr'><em>ut</em></span> <span class='ocrx_word' id='word_1_154' title='bbox 132 2148 278 2211; x_wconf 87' lang='lat' dir='ltr'><em>comunis</em></span> <span class='ocrx_word' id='word_1_155' title='bbox 302 2148 434 2232; x_wconf 79' lang='lat' dir='ltr'><em>opinior</em></span> <span class='ocrx_word' id='word_1_156' title='bbox 456 2156 534 2212; x_wconf 88' lang='lat' dir='ltr'><em>tuno</em></span> <span class='ocrx_word' id='word_1_157' title='bbox 557 2159 589 2214; x_wconf 90' lang='lat' dir='ltr'><em>et</em></span> <span class='ocrx_word' id='word_1_158' title='bbox 610 2171 648 2212; x_wconf 87' lang='lat' dir='ltr'><em>us</em></span> <span class='ocrx_word' id='word_1_159' title='bbox 672 2171 712 2212; x_wconf 90' lang='lat' dir='ltr'><em>ue</em></span> <span class='ocrx_word' id='word_1_160' title='bbox 734 2169 821 2212; x_wconf 88' lang='lat' dir='ltr'><em>nuno</em></span> <span class='ocrx_word' id='word_1_161' title='bbox 841 2156 937 2229; x_wconf 88' lang='lat' dir='ltr'><em>tenet,</em></span> <span class='ocrx_word' id='word_1_162' title='bbox 959 2147 1192 2231; x_wconf 85' lang='lat' dir='ltr'><em>miserabiliter,</em></span> 
     </span>
     <span class='ocr_line' id='line_1_22' title="bbox 69 2172 1196 2382; baseline 0.001 -86"><span class='ocrx_word' id='word_1_163' title='bbox 69 2231 176 2318; x_wconf 90' lang='lat' dir='ltr'><em>proeh</em></span> <span class='ocrx_word' id='word_1_164' title='bbox 192 2231 299 2296; x_wconf 86' lang='lat' dir='ltr'><em>dolor!</em></span> <span class='ocrx_word' id='word_1_165' title='bbox 322 2231 509 2297; x_wconf 82' lang='lat' dir='ltr'><em>interfectus</em></span> <span class='ocrx_word' id='word_1_166' title='bbox 525 2241 581 2313; x_wconf 89' lang='lat' dir='ltr'><em>est,</em></span> <span class='ocrx_word' id='word_1_167' title='bbox 605 2242 637 2299; x_wconf 91' lang='lat' dir='ltr'><em>et</em></span> <span class='ocrx_word' id='word_1_168' title='bbox 650 2172 770 2318; x_wconf 64' lang='lat' dir='ltr'><em>lysam</em></span> <span class='ocrx_word' id='word_1_169' title='bbox 784 2230 953 2314; x_wconf 86' lang='lat' dir='ltr'><em>adductus,</em></span> <span class='ocrx_word' id='word_1_170' title='bbox 976 2254 1050 2296; x_wconf 87' lang='lat' dir='ltr'><em>cum</em></span> <span class='ocrx_word' id='word_1_171' title='bbox 1059 2231 1196 2382; x_wconf 74' lang='lat' dir='ltr'><em>planctu</em></span> 
     </span>
     <span class='ocr_line' id='line_1_23' title="bbox 70 2315 1194 2403; baseline 0 -23"><span class='ocrx_word' id='word_1_172' title='bbox 70 2316 286 2403; x_wconf 89' lang='lat' dir='ltr'><em>plurimorum</em></span> <span class='ocrx_word' id='word_1_173' title='bbox 308 2315 630 2382; x_wconf 87' lang='lat' dir='ltr'><em>honorificentissime</em></span> <span class='ocrx_word' id='word_1_174' title='bbox 646 2339 679 2382; x_wconf 86' lang='lat' dir='ltr'><em>se</em></span> <span class='ocrx_word' id='word_1_175' title='bbox 704 2315 808 2380; x_wconf 90' lang='lat' dir='ltr'><em>ulture</em></span> <span class='ocrx_word' id='word_1_176' title='bbox 821 2316 957 2381; x_wconf 85' lang='lat' dir='ltr'><em>traditus</em></span> <span class='ocrx_word' id='word_1_177' title='bbox 972 2325 1029 2381; x_wconf 88' lang='lat' dir='ltr'><em>est.</em></span> <span class='ocrx_word' id='word_1_178' title='bbox 1091 2339 1194 2381; x_wconf 90' lang='lat' dir='ltr'><em>ersus:</em></span> 
     </span>
    </p>

    <p class='ocr_par' dir='ltr' id='par_1_5' title="bbox 203 2339 826 2466">
     <span class='ocr_line' id='line_1_24' title="bbox 203 2339 826 2466; baseline 0.002 -2"><span class='ocrx_word' id='word_1_179' title='bbox 203 2401 298 2464; x_wconf 90' lang='lat' dir='ltr'><em>Anno</em></span> <span class='ocrx_word' id='word_1_180' title='bbox 320 2399 449 2466; x_wconf 87' lang='lat' dir='ltr'><em>milleno</em></span> <span class='ocrx_word' id='word_1_181' title='bbox 472 2410 654 2466; x_wconf 87' lang='lat' dir='ltr'><em>trecenteno</em></span> <span class='ocrx_word' id='word_1_182' title='bbox 677 2339 826 2466; x_wconf 76' lang='lat' dir='ltr'><em>duodeno</em></span> 
     </span>
    </p>

    <p class='ocr_par' dir='ltr' id='par_1_6' title="bbox 203 2484 885 2571">
     <span class='ocr_line' id='line_1_25' title="bbox 203 2484 885 2571; baseline -0.001 -21"><span class='ocrx_word' id='word_1_183' title='bbox 203 2485 276 2550; x_wconf 92' lang='lat' dir='ltr'><em>Uno</em></span> <span class='ocrx_word' id='word_1_184' title='bbox 298 2507 363 2549; x_wconf 89' lang='lat' dir='ltr'><em>non</em></span> <span class='ocrx_word' id='word_1_185' title='bbox 384 2484 479 2571; x_wconf 90' lang='lat' dir='ltr'><em>pleno</em></span> <span class='ocrx_word' id='word_1_186' title='bbox 502 2487 646 2571; x_wconf 86' lang='lat' dir='ltr'><em>privatus</em></span> <span class='ocrx_word' id='word_1_187' title='bbox 669 2484 740 2549; x_wconf 82' lang='lat' dir='ltr'><em>luce</em></span> <span class='ocrx_word' id='word_1_188' title='bbox 761 2507 885 2550; x_wconf 86' lang='lat' dir='ltr'><em>veneno</em></span> 
     </span>
    </p>

    <p class='ocr_par' dir='ltr' id='par_1_7' title="bbox 202 2568 956 2652">
     <span class='ocr_line' id='line_1_26' title="bbox 202 2568 956 2652; baseline 0 -20"><span class='ocrx_word' id='word_1_189' title='bbox 202 2568 375 2634; x_wconf 89' lang='lat' dir='ltr'><em>Heinricus</em></span> <span class='ocrx_word' id='word_1_190' title='bbox 399 2568 514 2652; x_wconf 89' lang='lat' dir='ltr'><em>dictus,</em></span> <span class='ocrx_word' id='word_1_191' title='bbox 536 2568 622 2635; x_wconf 91' lang='lat' dir='ltr'><em>nullo</em></span> <span class='ocrx_word' id='word_1_192' title='bbox 646 2569 821 2635; x_wconf 81' lang='lat' dir='ltr'><em>certamine</em></span> <span class='ocrx_word' id='word_1_193' title='bbox 842 2570 956 2651; x_wconf 88' lang='lat' dir='ltr'><em>victus,</em></span> 
     </span>
    </p>

    <p class='ocr_par' dir='ltr' id='par_1_8' title="bbox 202 2651 1005 2739">
     <span class='ocr_line' id='line_1_27' title="bbox 202 2651 1005 2739; baseline 0.002 -24"><span class='ocrx_word' id='word_1_194' title='bbox 202 2652 253 2716; x_wconf 88' lang='lat' dir='ltr'><em>De</em></span> <span class='ocrx_word' id='word_1_195' title='bbox 277 2651 495 2739; x_wconf 73' lang='lat' dir='ltr'><em>Luzlinburgr</em></span> <span class='ocrx_word' id='word_1_196' title='bbox 515 2666 620 2737; x_wconf 87' lang='lat' dir='ltr'><em>natus,</em></span> <span class='ocrx_word' id='word_1_197' title='bbox 643 2653 731 2718; x_wconf 91' lang='lat' dir='ltr'><em>nullo</em></span> <span class='ocrx_word' id='word_1_198' title='bbox 753 2654 838 2719; x_wconf 86' lang='lat' dir='ltr'><em>vicio</em></span> <span class='ocrx_word' id='word_1_199' title='bbox 860 2652 1005 2720; x_wconf 86' lang='lat' dir='ltr'><em>violatus.</em></span> 
     </span>
    </p>

    <p class='ocr_par' dir='ltr' id='par_1_9' title="bbox 202 2734 988 2822">
     <span class='ocr_line' id='line_1_28' title="bbox 202 2734 988 2822; baseline 0.005 -23"><span class='ocrx_word' id='word_1_200' title='bbox 202 2734 301 2800; x_wconf 82' lang='lat' dir='ltr'><em>Cesar</em></span> <span class='ocrx_word' id='word_1_201' title='bbox 319 2746 388 2800; x_wconf 87' lang='lat' dir='ltr'><em>erat</em></span> <span class='ocrx_word' id='word_1_202' title='bbox 409 2759 544 2822; x_wconf 85' lang='lat' dir='ltr'><em>magnus</em></span> <span class='ocrx_word' id='word_1_203' title='bbox 567 2785 920 2808; x_wconf 89' lang='grc'><strong>............</strong></span> <span class='ocrx_word' id='word_1_204' title='bbox 928 2751 940 2781; x_wconf 91' lang='grc'><strong>1</strong></span> <span class='ocrx_word' id='word_1_205' title='bbox 984 2743 988 2752; x_wconf 87' lang='grc'><em>“</em></span> 
     </span>
    </p>

    <p class='ocr_par' dir='ltr' id='par_1_10' title="bbox 205 2819 1075 2909">
     <span class='ocr_line' id='line_1_29' title="bbox 205 2819 1075 2909; baseline 0.001 -25"><span class='ocrx_word' id='word_1_206' title='bbox 205 2819 233 2884; x_wconf 91' lang='grc' dir='ltr'>Ο</span> <span class='ocrx_word' id='word_1_207' title='bbox 257 2831 412 2904; x_wconf 87' lang='lat' dir='ltr'><em>quantum</em></span> <span class='ocrx_word' id='word_1_208' title='bbox 434 2819 540 2885; x_wconf 87' lang='lat' dir='ltr'><em>flenda</em></span> <span class='ocrx_word' id='word_1_209' title='bbox 561 2846 622 2904; x_wconf 89' lang='lat' dir='ltr'><em>res,</em></span> <span class='ocrx_word' id='word_1_210' title='bbox 645 2845 663 2886; x_wconf 88' lang='grc' dir='ltr'>ο</span> <span class='ocrx_word' id='word_1_211' title='bbox 686 2834 906 2909; x_wconf 86' lang='lat' dir='ltr'><em>quantumque</em></span> <span class='ocrx_word' id='word_1_212' title='bbox 928 2822 1075 2904; x_wconf 88' lang='lat' dir='ltr'><em>dolenda,</em></span> 
     </span>
    </p>

    <p class='ocr_par' dir='ltr' id='par_1_11' title="bbox 202 2903 968 2990">
     <span class='ocr_line' id='line_1_30' title="bbox 202 2903 968 2990; baseline 0.005 -24"><span class='ocrx_word' id='word_1_213' title='bbox 202 2903 288 2968; x_wconf 92' lang='lat' dir='ltr'><em>Huic</em></span> <span class='ocrx_word' id='word_1_214' title='bbox 312 2905 387 2990; x_wconf 90' lang='lat' dir='ltr'><em>quia</em></span> <span class='ocrx_word' id='word_1_215' title='bbox 409 2925 520 2969; x_wconf 90' lang='lat' dir='ltr'><em>sereno</em></span> <span class='ocrx_word' id='word_1_216' title='bbox 542 2928 628 2971; x_wconf 88' lang='lat' dir='ltr'><em>mors</em></span> <span class='ocrx_word' id='word_1_217' title='bbox 651 2915 698 2971; x_wconf 89' lang='lat' dir='ltr'><em>est</em></span> <span class='ocrx_word' id='word_1_218' title='bbox 718 2906 807 2971; x_wconf 86' lang='lat' dir='ltr'><em>illata</em></span> <span class='ocrx_word' id='word_1_219' title='bbox 828 2907 968 2973; x_wconf 88' lang='lat' dir='ltr'><em>veneno!</em></span> 
     </span>
    </p>

    <p class='ocr_par' dir='ltr' id='par_1_12' title="bbox 78 2987 1316 3410">
     <span class='ocr_line' id='line_1_31' title="bbox 201 2987 1006 3076; baseline 0.004 -25"><span class='ocrx_word' id='word_1_220' title='bbox 201 2987 313 3052; x_wconf 86' lang='lat' dir='ltr'><em>Verax</em></span> <span class='ocrx_word' id='word_1_221' title='bbox 334 3009 489 3070; x_wconf 89' lang='lat' dir='ltr'><em>sermone,</em></span> <span class='ocrx_word' id='word_1_222' title='bbox 511 2988 651 3074; x_wconf 89' lang='lat' dir='ltr'><em>prudens</em></span> <span class='ocrx_word' id='word_1_223' title='bbox 673 2998 705 3055; x_wconf 88' lang='lat' dir='ltr'><em>et</em></span> <span class='ocrx_word' id='word_1_224' title='bbox 727 3012 786 3076; x_wconf 87' lang='lat' dir='ltr'><em>par</em></span> <span class='ocrx_word' id='word_1_225' title='bbox 807 2990 1006 3056; x_wconf 77' lang='lat' dir='ltr'><em>Salomone³.</em></span> 
     </span>
     <span class='ocr_line' id='line_1_32' title="bbox 80 3070 1194 3160; baseline 0.001 -26"><span class='ocrx_word' id='word_1_226' title='bbox 80 3071 185 3152; x_wconf 79' lang='lat' dir='ltr'><em>Quare</em></span> <span class='ocrx_word' id='word_1_227' title='bbox 208 3081 315 3136; x_wconf 85' lang='lat' dir='ltr'><em>autem</em></span> <span class='ocrx_word' id='word_1_228' title='bbox 337 3071 398 3135; x_wconf 86' lang='lat' dir='ltr'><em>hoe</em></span> <span class='ocrx_word' id='word_1_229' title='bbox 427 3070 537 3136; x_wconf 86' lang='lat' dir='ltr'><em>divina</em></span> <span class='ocrx_word' id='word_1_230' title='bbox 566 3072 741 3138; x_wconf 86' lang='lat' dir='ltr'><em>clemencia</em></span> <span class='ocrx_word' id='word_1_231' title='bbox 770 3075 838 3138; x_wconf 88' lang='lat' dir='ltr'><em>fieri</em></span> <span class='ocrx_word' id='word_1_232' title='bbox 871 3075 1025 3160; x_wconf 83' lang='lat' dir='ltr'><em>permisit,</em></span> <span class='ocrx_word' id='word_1_233' title='bbox 1055 3073 1194 3137; x_wconf 89' lang='lat' dir='ltr'><em>discerni</em></span> 
     </span>
     <span class='ocr_line' id='line_1_33' title="bbox 79 3154 1316 3242; baseline 0.006 -23"><span class='ocrx_word' id='word_1_234' title='bbox 79 3177 142 3219; x_wconf 91' lang='lat' dir='ltr'><em>non</em></span> <span class='ocrx_word' id='word_1_235' title='bbox 167 3165 274 3242; x_wconf 86' lang='lat' dir='ltr'><em>potest</em></span> <span class='ocrx_word' id='word_1_236' title='bbox 301 3177 360 3220; x_wconf 87' lang='lat' dir='ltr'><em>nee</em></span> <span class='ocrx_word' id='word_1_237' title='bbox 392 3158 604 3240; x_wconf 85' lang='lat' dir='ltr'><em>presumitur,</em></span> <span class='ocrx_word' id='word_1_238' title='bbox 639 3157 716 3242; x_wconf 85' lang='lat' dir='ltr'><em>quie</em></span> <span class='ocrx_word' id='word_1_239' title='bbox 748 3157 867 3221; x_wconf 87' lang='lat' dir='ltr'><em>iudicia</em></span> <span class='ocrx_word' id='word_1_240' title='bbox 894 3158 1027 3222; x_wconf 91' lang='lat' dir='ltr'><em>Domini</em></span> <span class='ocrx_word' id='word_1_241' title='bbox 1057 3154 1193 3241; x_wconf 85' lang='lat' dir='ltr'><em>abyssus</em></span> <span class='ocrx_word' id='word_1_242' title='bbox 1203 3181 1239 3226; x_wconf 69' lang='lat' dir='ltr'><em>r..</em></span> <span class='ocrx_word' id='word_1_243' title='bbox 1249 3182 1285 3236; x_wconf 81' lang='lat' dir='ltr'><em>u,</em></span> <span class='ocrx_word' id='word_1_244' title='bbox 1294 3183 1316 3226; x_wconf 79' lang='lat' dir='ltr'><em>r.</em></span> 
     </span>
     <span class='ocr_line' id='line_1_34' title="bbox 79 3238 1195 3339; baseline 0 -36"><span class='ocrx_word' id='word_1_245' title='bbox 79 3238 183 3310; x_wconf 82' lang='lat' dir='ltr'><em>multa.</em></span> <span class='ocrx_word' id='word_1_246' title='bbox 228 3239 272 3305; x_wconf 86' lang='lat' dir='ltr'><em>Et</em></span> <span class='ocrx_word' id='word_1_247' title='bbox 292 3239 469 3326; x_wconf 66' lang='lat' dir='ltr'><em>quomodo*</em></span> <span class='ocrx_word' id='word_1_248' title='bbox 493 3238 633 3304; x_wconf 85' lang='lat' dir='ltr'><em>humane</em></span> <span class='ocrx_word' id='word_1_249' title='bbox 654 3243 816 3306; x_wconf 80' lang='lat' dir='ltr'><em>temeritas</em></span> <span class='ocrx_word' id='word_1_250' title='bbox 831 3241 948 3307; x_wconf 83' lang='lat' dir='ltr'><em>audeat</em></span> <span class='ocrx_word' id='word_1_251' title='bbox 962 3239 1195 3339; x_wconf 87' lang='lat' dir='ltr'><em>reprehendere</em></span> 
     </span>
     <span class='ocr_line' id='line_1_35' title="bbox 78 3322 1193 3410; baseline 0 -22"><span class='ocrx_word' id='word_1_252' title='bbox 78 3323 161 3410; x_wconf 87' lang='lat' dir='ltr'><em>quod</em></span> <span class='ocrx_word' id='word_1_253' title='bbox 183 3325 315 3388; x_wconf 89' lang='lat' dir='ltr'><em>minime</em></span> <span class='ocrx_word' id='word_1_254' title='bbox 336 3322 421 3389; x_wconf 87' lang='lat' dir='ltr'><em>valet</em></span> <span class='ocrx_word' id='word_1_255' title='bbox 443 3324 737 3409; x_wconf 79' lang='lat' dir='ltr'><em>comprehendere?</em></span> <span class='ocrx_word' id='word_1_256' title='bbox 779 3325 866 3406; x_wconf 89' lang='lat' dir='ltr'><em>Nisi,</em></span> <span class='ocrx_word' id='word_1_257' title='bbox 893 3335 928 3389; x_wconf 93' lang='lat' dir='ltr'><em>ut</em></span> <span class='ocrx_word' id='word_1_258' title='bbox 950 3334 1105 3409; x_wconf 82' lang='lat' dir='ltr'><em>scrrptum</em></span> <span class='ocrx_word' id='word_1_259' title='bbox 1135 3333 1193 3404; x_wconf 88' lang='lat' dir='ltr'><em>est,</em></span> 
     </span>
    </p>
   </div>
   <div class='ocr_carea' id='block_1_4' title="bbox 78 3396 1333 3493">
    <p class='ocr_par' dir='ltr' id='par_1_13' title="bbox 78 3396 1333 3493">
     <span class='ocr_line' id='line_1_36' title="bbox 78 3396 1333 3493; baseline -0.004 -22"><span class='ocrx_word' id='word_1_260' title='bbox 78 3419 193 3493; x_wconf 88' lang='lat' dir='ltr'><em>raptus</em></span> <span class='ocrx_word' id='word_1_261' title='bbox 222 3418 276 3491; x_wconf 88' lang='lat' dir='ltr'><em>est,</em></span> <span class='ocrx_word' id='word_1_262' title='bbox 310 3431 350 3474; x_wconf 90' lang='lat' dir='ltr'><em>ne</em></span> <span class='ocrx_word' id='word_1_263' title='bbox 379 3411 425 3473; x_wconf 90' lang='lat' dir='ltr'><em>sic</em></span> <span class='ocrx_word' id='word_1_264' title='bbox 454 3409 589 3473; x_wconf 91' lang='lat' dir='ltr'><em>malicia</em></span> <span class='ocrx_word' id='word_1_265' title='bbox 618 3419 759 3474; x_wconf 89' lang='lat' dir='ltr'><em>mutaret</em></span> <span class='ocrx_word' id='word_1_266' title='bbox 786 3409 979 3474; x_wconf 88' lang='lat' dir='ltr'><em>intellectum</em></span> <span class='ocrx_word' id='word_1_267' title='bbox 1007 3411 1127 3493; x_wconf 80' lang='lat' dir='ltr'><em>ipsius,</em></span> <span class='ocrx_word' id='word_1_268' title='bbox 1163 3396 1333 3471; x_wconf 21' lang='lat' dir='ltr'><em>etwin-</em></span> 
     </span>
    </p>
   </div>
   <div class='ocr_carea' id='block_1_5' title="bbox 1249 3457 1285 3498">
    <p class='ocr_par' dir='ltr' id='par_1_14' title="bbox 1249 3457 1285 3498">
     <span class='ocr_line' id='line_1_37' title="bbox 1249 3457 1285 3498; baseline 0 -1"><span class='ocrx_word' id='word_1_269' title='bbox 1249 3457 1285 3498; x_wconf 79' lang='lat'><em>14.</em></span> 
     </span>
    </p>
   </div>
   <div class='ocr_carea' id='block_1_6' title="bbox 80 3633 1194 3872">
    <p class='ocr_par' dir='ltr' id='par_1_15' title="bbox 80 3633 1194 3872">
     <span class='ocr_line' id='line_1_38' title="bbox 80 3633 1194 3689; baseline 0.003 -13"><span class='ocrx_word' id='word_1_270' title='bbox 80 3633 101 3686; x_wconf 84' lang='lat' dir='ltr'><em>s)</em></span> <span class='ocrx_word' id='word_1_271' title='bbox 117 3637 132 3677; x_wconf 93' lang='lat' dir='ltr'><em>l.</em></span> <span class='ocrx_word' id='word_1_272' title='bbox 148 3647 176 3677; x_wconf 86' lang='lat' dir='ltr'><em>m.</em></span> <span class='ocrx_word' id='word_1_273' title='bbox 193 3647 215 3686; x_wconf 88' lang='lat' dir='ltr'><em>p.</em></span> <span class='ocrx_word' id='word_1_274' title='bbox 232 3649 249 3678; x_wconf 86' lang='lat' dir='ltr'><em>o.</em></span> <span class='ocrx_word' id='word_1_275' title='bbox 331 3636 355 3689; x_wconf 90' lang='lat' dir='ltr'><em>b)</em></span> <span class='ocrx_word' id='word_1_276' title='bbox 372 3640 431 3680; x_wconf 76' lang='lat' dir='ltr'><em>rorte</em></span> <span class='ocrx_word' id='word_1_277' title='bbox 449 3643 513 3688; x_wconf 75' lang='lat' dir='ltr'><em>gutta</em></span> <span class='ocrx_word' id='word_1_278' title='bbox 528 3649 545 3680; x_wconf 86' lang='lat' dir='ltr'><em>c.</em></span> <span class='ocrx_word' id='word_1_279' title='bbox 627 3637 648 3689; x_wconf 89' lang='lat' dir='ltr'><em>c)</em></span> <span class='ocrx_word' id='word_1_280' title='bbox 665 3639 721 3678; x_wconf 82' lang='lat' dir='ltr'><em>deut</em></span> <span class='ocrx_word' id='word_1_281' title='bbox 738 3639 759 3679; x_wconf 78' lang='lat'><em>2.</em></span> <span class='ocrx_word' id='word_1_282' title='bbox 840 3635 862 3689; x_wconf 83' lang='lat' dir='ltr'><em>d)</em></span> <span class='ocrx_word' id='word_1_283' title='bbox 878 3640 931 3679; x_wconf 82' lang='lat' dir='ltr'><em>luce</em></span> <span class='ocrx_word' id='word_1_284' title='bbox 947 3649 965 3680; x_wconf 90' lang='lat' dir='ltr'><em>c.</em></span> <span class='ocrx_word' id='word_1_285' title='bbox 1045 3635 1068 3688; x_wconf 88' lang='lat' dir='ltr'><em>e)</em></span> <span class='ocrx_word' id='word_1_286' title='bbox 1085 3647 1194 3679; x_wconf 82' lang='lat' dir='ltr'><em>numerus</em></span> 
     </span>
     <span class='ocr_line' id='line_1_39' title="bbox 82 3693 1193 3749; baseline 0.005 -14"><span class='ocrx_word' id='word_1_287' title='bbox 82 3697 268 3746; x_wconf 63' lang='lat' dir='ltr'><em>ruminantur</em></span> <span class='ocrx_word' id='word_1_288' title='bbox 283 3697 328 3736; x_wconf 69' lang='lat' dir='ltr'><em>int</em></span> <span class='ocrx_word' id='word_1_289' title='bbox 339 3697 481 3738; x_wconf 78' lang='lat' dir='ltr'><em>inueniuntur</em></span> <span class='ocrx_word' id='word_1_290' title='bbox 496 3697 561 3738; x_wconf 78' lang='lat' dir='ltr'><em>acrba</em></span> <span class='ocrx_word' id='word_1_291' title='bbox 576 3697 619 3737; x_wconf 77' lang='lat' dir='ltr'><em>ieta</em></span> <span class='ocrx_word' id='word_1_292' title='bbox 632 3703 683 3748; x_wconf 80' lang='lat' dir='ltr'><em>poet</em></span> <span class='ocrx_word' id='word_1_293' title='bbox 699 3699 764 3738; x_wconf 80' lang='lat' dir='ltr'><em>roris.</em></span> <span class='ocrx_word' id='word_1_294' title='bbox 822 3696 842 3749; x_wconf 84' lang='lat' dir='ltr'><em>t)</em></span> <span class='ocrx_word' id='word_1_295' title='bbox 858 3698 914 3746; x_wconf 83' lang='lat' dir='ltr'><em>quie</em></span> <span class='ocrx_word' id='word_1_296' title='bbox 929 3699 950 3738; x_wconf 81' lang='lat' dir='ltr'><em>a.</em></span> <span class='ocrx_word' id='word_1_297' title='bbox 1006 3693 1029 3747; x_wconf 73' lang='lat' dir='ltr'><em>g)</em></span> <span class='ocrx_word' id='word_1_298' title='bbox 1043 3697 1156 3737; x_wconf 76' lang='lat' dir='ltr'><em>innocuas</em></span> <span class='ocrx_word' id='word_1_299' title='bbox 1172 3698 1193 3740; x_wconf 79' lang='lat'><em>2.</em></span> 
     </span>
     <span class='ocr_line' id='line_1_40' title="bbox 81 3752 1193 3809; baseline 0.003 -15"><span class='ocrx_word' id='word_1_300' title='bbox 81 3752 104 3806; x_wconf 86' lang='lat' dir='ltr'><em>h)</em></span> <span class='ocrx_word' id='word_1_301' title='bbox 119 3765 139 3804; x_wconf 91' lang='lat' dir='ltr'><em>p.</em></span> <span class='ocrx_word' id='word_1_302' title='bbox 154 3766 174 3795; x_wconf 84' lang='lat' dir='ltr'><em>e.</em></span> <span class='ocrx_word' id='word_1_303' title='bbox 190 3766 207 3796; x_wconf 91' lang='lat' dir='ltr'><em>c.</em></span> <span class='ocrx_word' id='word_1_304' title='bbox 284 3753 302 3806; x_wconf 80' lang='lat' dir='ltr'><em>t)</em></span> <span class='ocrx_word' id='word_1_305' title='bbox 319 3766 367 3796; x_wconf 80' lang='lat' dir='ltr'><em>rec·</em></span> <span class='ocrx_word' id='word_1_306' title='bbox 382 3767 454 3806; x_wconf 86' lang='lat' dir='ltr'><em>perm.</em></span> <span class='ocrx_word' id='word_1_307' title='bbox 471 3757 585 3797; x_wconf 81' lang='lat' dir='ltr'><em>rediturus</em></span> <span class='ocrx_word' id='word_1_308' title='bbox 593 3768 611 3797; x_wconf 89' lang='lat' dir='ltr'><em>c.</em></span> <span class='ocrx_word' id='word_1_309' title='bbox 693 3756 718 3809; x_wconf 83' lang='lat' dir='ltr'><em>k)</em></span> <span class='ocrx_word' id='word_1_310' title='bbox 734 3757 759 3796; x_wconf 85' lang='lat' dir='ltr'><em>tn</em></span> <span class='ocrx_word' id='word_1_311' title='bbox 772 3755 924 3797; x_wconf 80' lang='lat' dir='ltr'><em>Babilontac.</em></span> <span class='ocrx_word' id='word_1_312' title='bbox 1004 3754 1022 3805; x_wconf 91' lang='lat' dir='ltr'><em>l)</em></span> <span class='ocrx_word' id='word_1_313' title='bbox 1038 3757 1160 3797; x_wconf 80' lang='lat' dir='ltr'><em>trecesimo</em></span> <span class='ocrx_word' id='word_1_314' title='bbox 1175 3768 1193 3798; x_wconf 84' lang='lat' dir='ltr'><em>c.</em></span> 
     </span>
     <span class='ocr_line' id='line_1_41' title="bbox 81 3811 1192 3872; baseline 0.002 -19"><span class='ocrx_word' id='word_1_315' title='bbox 81 3811 182 3865; x_wconf 84' lang='lat' dir='ltr'><em>m)xl11.</em></span> <span class='ocrx_word' id='word_1_316' title='bbox 197 3816 216 3858; x_wconf 82' lang='grc'><em>2,</em></span> <span class='ocrx_word' id='word_1_317' title='bbox 283 3811 308 3864; x_wconf 88' lang='lat' dir='ltr'><em>n)</em></span> <span class='ocrx_word' id='word_1_318' title='bbox 325 3815 390 3863; x_wconf 83' lang='lat' dir='ltr'><em>quic.</em></span> <span class='ocrx_word' id='word_1_319' title='bbox 461 3813 483 3867; x_wconf 91' lang='lat' dir='ltr'><em>o)</em></span> <span class='ocrx_word' id='word_1_320' title='bbox 500 3816 611 3858; x_wconf 81' lang='lat' dir='ltr'><em>auteriori</em></span> <span class='ocrx_word' id='word_1_321' title='bbox 627 3827 644 3857; x_wconf 88' lang='lat' dir='ltr'><em>c.</em></span> <span class='ocrx_word' id='word_1_322' title='bbox 726 3818 751 3872; x_wconf 89' lang='lat' dir='ltr'><em>p)</em></span> <span class='ocrx_word' id='word_1_323' title='bbox 768 3816 863 3866; x_wconf 84' lang='lat' dir='ltr'><em>oppinio</em></span> <span class='ocrx_word' id='word_1_324' title='bbox 879 3827 896 3857; x_wconf 92' lang='lat' dir='ltr'><em>c.</em></span> <span class='ocrx_word' id='word_1_325' title='bbox 980 3812 1004 3866; x_wconf 86' lang='lat' dir='ltr'><em>q)</em></span> <span class='ocrx_word' id='word_1_326' title='bbox 1018 3815 1160 3865; x_wconf 74' lang='lat' dir='ltr'><em>Luatinbarg</em></span> <span class='ocrx_word' id='word_1_327' title='bbox 1174 3827 1192 3855; x_wconf 93' lang='lat' dir='ltr'><em>c.</em></span> 
     </span>
    </p>
   </div>
   <div class='ocr_carea' id='block_1_7' title="bbox 81 3870 1192 3983">
    <p class='ocr_par' dir='ltr' id='par_1_16' title="bbox 81 3870 1192 3983">
     <span class='ocr_line' id='line_1_42' title="bbox 81 3870 1192 3983; baseline 0.002 -70"><span class='ocrx_word' id='word_1_328' title='bbox 81 3870 100 3983; x_wconf 66' lang='lat' dir='ltr'><em>r))</em></span> <span class='ocrx_word' id='word_1_329' title='bbox 115 3873 195 3922; x_wconf 78' lang='lat' dir='ltr'><em>reliquo</em></span> <span class='ocrx_word' id='word_1_330' title='bbox 210 3872 275 3912; x_wconf 80' lang='lat' dir='ltr'><em>verta</em></span> <span class='ocrx_word' id='word_1_331' title='bbox 290 3873 354 3912; x_wconf 76' lang='lat' dir='ltr'><em>tatius</em></span> <span class='ocrx_word' id='word_1_332' title='bbox 368 3884 444 3915; x_wconf 72' lang='lat' dir='ltr'><em>vassu</em></span> <span class='ocrx_word' id='word_1_333' title='bbox 459 3875 589 3923; x_wconf 71' lang='lat' dir='ltr'><em>maderent,</em></span> <span class='ocrx_word' id='word_1_334' title='bbox 604 3875 668 3915; x_wconf 82' lang='lat' dir='ltr'><em>nullo</em></span> <span class='ocrx_word' id='word_1_335' title='bbox 683 3875 707 3915; x_wconf 83' lang='lat' dir='ltr'><em>tn</em></span> <span class='ocrx_word' id='word_1_336' title='bbox 722 3876 770 3915; x_wconf 83' lang='lat' dir='ltr'><em>cod.</em></span> <span class='ocrx_word' id='word_1_337' title='bbox 780 3879 865 3915; x_wconf 67' lang='lat' dir='ltr'><em>monte</em></span> <span class='ocrx_word' id='word_1_338' title='bbox 880 3875 967 3915; x_wconf 85' lang='lat' dir='ltr'><em>lacuna.</em></span> <span class='ocrx_word' id='word_1_339' title='bbox 1014 3872 1192 3927; x_wconf 84' lang='lat' dir='ltr'><em>s)Satamonec.</em></span> 
     </span>
     <span class='ocr_line' id='line_1_43' title="bbox 81 3932 251 3981; baseline 0.012 -11"><span class='ocrx_word' id='word_1_340' title='bbox 81 3936 89 3970; x_wconf 82' lang='lat' dir='ltr'><em>t</em></span> <span class='ocrx_word' id='word_1_341' title='bbox 113 3932 218 3981; x_wconf 75' lang='lat' dir='ltr'><em>quomam</em></span> <span class='ocrx_word' id='word_1_342' title='bbox 233 3942 251 3972; x_wconf 89' lang='lat' dir='ltr'><em>c.</em></span> 
     </span>
    </p>
   </div>
   <div class='ocr_carea' id='block_1_8' title="bbox 81 4097 1192 4463">
    <p class='ocr_par' dir='ltr' id='par_1_17' title="bbox 81 4097 1192 4463">
     <span class='ocr_line' id='line_1_44' title="bbox 83 4097 1192 4169; baseline 0.006 -21"><span class='ocrx_word' id='word_1_343' title='bbox 83 4097 108 4166; x_wconf 84' lang='lat'><em>1)</em></span> <span class='ocrx_word' id='word_1_344' title='bbox 126 4099 211 4152; x_wconf 78' lang='lat' dir='ltr'><em>Maleto</em></span> <span class='ocrx_word' id='word_1_345' title='bbox 229 4101 257 4152; x_wconf 83' lang='lat' dir='ltr'><em>ol</em></span> <span class='ocrx_word' id='word_1_346' title='bbox 277 4099 398 4167; x_wconf 75' lang='lat' dir='ltr'><em>declinas</em></span> <span class='ocrx_word' id='word_1_347' title='bbox 418 4101 546 4153; x_wconf 71' lang='lat' dir='ltr'><em>sohlunus</em></span> <span class='ocrx_word' id='word_1_348' title='bbox 570 4118 623 4153; x_wconf 85' lang='lat' dir='ltr'><em>cmo</em></span> <span class='ocrx_word' id='word_1_349' title='bbox 647 4100 690 4154; x_wconf 88' lang='lat' dir='ltr'><em>dic</em></span> <span class='ocrx_word' id='word_1_350' title='bbox 711 4111 854 4169; x_wconf 80' lang='lat' dir='ltr'><em>postquam</em></span> <span class='ocrx_word' id='word_1_351' title='bbox 873 4099 1011 4165; x_wconf 85' lang='lat' dir='ltr'><em>Kolaocm,</em></span> <span class='ocrx_word' id='word_1_352' title='bbox 1026 4108 1108 4167; x_wconf 80' lang='lat' dir='ltr'><em>pater</em></span> <span class='ocrx_word' id='word_1_353' title='bbox 1126 4103 1192 4167; x_wconf 79' lang='lat' dir='ltr'><em>eius,</em></span> 
     </span>
     <span class='ocr_line' id='line_1_45' title="bbox 81 4171 1191 4243; baseline 0.003 -20"><span class='ocrx_word' id='word_1_354' title='bbox 81 4171 137 4224; x_wconf 80' lang='lat' dir='ltr'><em>obiit</em></span> <span class='ocrx_word' id='word_1_355' title='bbox 154 4174 247 4238; x_wconf 80' lang='lat'><em>(1290,</em></span> <span class='ocrx_word' id='word_1_356' title='bbox 268 4173 336 4228; x_wconf 84' lang='lat' dir='ltr'><em>Nor.</em></span> <span class='ocrx_word' id='word_1_357' title='bbox 360 4175 408 4236; x_wconf 86' lang='lat' dir='ltr'><em>1r‚·</em></span> <span class='ocrx_word' id='word_1_358' title='bbox 427 4192 451 4226; x_wconf 91' lang='lat' dir='ltr'><em>o.</em></span> <span class='ocrx_word' id='word_1_359' title='bbox 479 4175 586 4238; x_wconf 80' lang='lat' dir='ltr'><em>Wittco,</em></span> <span class='ocrx_word' id='word_1_360' title='bbox 614 4175 715 4228; x_wconf 70' lang='lat' dir='ltr'><em>‘desen</em></span> <span class='ocrx_word' id='word_1_361' title='bbox 742 4177 790 4227; x_wconf 86' lang='lat' dir='ltr'><em>der</em></span> <span class='ocrx_word' id='word_1_362' title='bbox 809 4173 971 4243; x_wconf 74' lang='lat' dir='ltr'><em>Krcuenitqe’</em></span> <span class='ocrx_word' id='word_1_363' title='bbox 995 4174 1065 4238; x_wconf 89' lang='lat' dir='ltr'><em>VII,</em></span> <span class='ocrx_word' id='word_1_364' title='bbox 1080 4193 1110 4242; x_wconf 87' lang='lat' dir='ltr'><em>p.</em></span> <span class='ocrx_word' id='word_1_365' title='bbox 1127 4177 1191 4242; x_wconf 80' lang='lat'><em>⁷34)</em></span> 
     </span>
     <span class='ocr_line' id='line_1_46' title="bbox 81 4247 1191 4314; baseline 0.004 -18"><span class='ocrx_word' id='word_1_366' title='bbox 81 4261 180 4313; x_wconf 62' lang='lat' dir='ltr'><em>regnum</em></span> <span class='ocrx_word' id='word_1_367' title='bbox 211 4247 333 4314; x_wconf 85' lang='lat' dir='ltr'><em>suscepit.</em></span> <span class='ocrx_word' id='word_1_368' title='bbox 394 4247 518 4313; x_wconf 73' lang='lat' dir='ltr'><em>Epistola</em></span> <span class='ocrx_word' id='word_1_369' title='bbox 556 4257 643 4300; x_wconf 85' lang='lat' dir='ltr'><em>autem</em></span> <span class='ocrx_word' id='word_1_370' title='bbox 674 4247 811 4301; x_wconf 77' lang='lat' dir='ltr'><em>Clementis</em></span> <span class='ocrx_word' id='word_1_371' title='bbox 841 4266 882 4314; x_wconf 85' lang='lat' dir='ltr'><em>po</em></span> <span class='ocrx_word' id='word_1_372' title='bbox 902 4265 950 4313; x_wconf 89' lang='lat' dir='ltr'><em>oc,</em></span> <span class='ocrx_word' id='word_1_373' title='bbox 988 4248 1032 4300; x_wconf 89' lang='lat' dir='ltr'><em>cui</em></span> <span class='ocrx_word' id='word_1_374' title='bbox 1063 4249 1191 4300; x_wconf 80' lang='lat' dir='ltr'><em>soldanus</em></span> 
     </span>
     <span class='ocr_line' id='line_1_47' title="bbox 81 4319 1192 4390; baseline 0.006 -22"><span class='ocrx_word' id='word_1_375' title='bbox 81 4319 216 4384; x_wconf 82' lang='lat' dir='ltr'><em>respondet,</em></span> <span class='ocrx_word' id='word_1_376' title='bbox 249 4321 315 4372; x_wconf 85' lang='lat' dir='ltr'><em>dato</em></span> <span class='ocrx_word' id='word_1_377' title='bbox 344 4326 382 4372; x_wconf 84' lang='lat' dir='ltr'><em>cst</em></span> <span class='ocrx_word' id='word_1_378' title='bbox 409 4322 540 4373; x_wconf 82' lang='lat' dir='ltr'><em>Arinione</em></span> <span class='ocrx_word' id='word_1_379' title='bbox 566 4322 737 4390; x_wconf 83' lang='lat' dir='ltr'><em>pontificatus</em></span> <span class='ocrx_word' id='word_1_380' title='bbox 770 4325 853 4375; x_wconf 87' lang='lat' dir='ltr'><em>nostri</em></span> <span class='ocrx_word' id='word_1_381' title='bbox 883 4339 953 4374; x_wconf 84' lang='lat' dir='ltr'><em>anno</em></span> <span class='ocrx_word' id='word_1_382' title='bbox 982 4324 1075 4374; x_wconf 86' lang='lat' dir='ltr'><em>tercio.</em></span> <span class='ocrx_word' id='word_1_383' title='bbox 1119 4322 1192 4375; x_wconf 87' lang='lat' dir='ltr'><em>Unde</em></span> 
     </span>
     <span class='ocr_line' id='line_1_48' title="bbox 82 4391 1191 4463; baseline 0.003 -20"><span class='ocrx_word' id='word_1_384' title='bbox 82 4392 205 4458; x_wconf 84' lang='lat' dir='ltr'><em>epistolam</em></span> <span class='ocrx_word' id='word_1_385' title='bbox 215 4391 320 4446; x_wconf 78' lang='lat' dir='ltr'><em>scidam</em></span> <span class='ocrx_word' id='word_1_386' title='bbox 332 4411 359 4446; x_wconf 88' lang='lat' dir='ltr'><em>a.</em></span> <span class='ocrx_word' id='word_1_387' title='bbox 376 4394 453 4448; x_wconf 81' lang='lat'>1308.</span> <span class='ocrx_word' id='word_1_388' title='bbox 465 4403 574 4448; x_wconf 84' lang='lat' dir='ltr'><em>cneunte</em></span> <span class='ocrx_word' id='word_1_389' title='bbox 584 4393 640 4449; x_wconf 85' lang='lat' dir='ltr'><em>sice</em></span> <span class='ocrx_word' id='word_1_390' title='bbox 653 4413 724 4449; x_wconf 87' lang='lat' dir='ltr'><em>anno</em></span> <span class='ocrx_word' id='word_1_391' title='bbox 740 4398 820 4449; x_wconf 82' lang='lat'><strong>1309.</strong></span> <span class='ocrx_word' id='word_1_392' title='bbox 831 4396 924 4448; x_wconf 86' lang='lat' dir='ltr'><em>datam</em></span> <span class='ocrx_word' id='word_1_393' title='bbox 940 4412 1004 4461; x_wconf 83' lang='lat' dir='ltr'><em>esce,</em></span> <span class='ocrx_word' id='word_1_394' title='bbox 1022 4404 1143 4463; x_wconf 79' lang='lat' dir='ltr'><em>apparet.</em></span> <span class='ocrx_word' id='word_1_395' title='bbox 1164 4395 1191 4446; x_wconf 82' lang='grc'><em>0.</em></span> 
     </span>
    </p>
   </div>
   <div class='ocr_carea' id='block_1_9' title="bbox 0 0 1521 5058">
    <p class='ocr_par' dir='ltr' id='par_1_18' title="bbox 0 0 1521 5058">
     <span class='ocr_line' id='line_1_49' title="bbox 0 0 1521 5058; baseline 0 0"><span class='ocrx_word' id='word_1_396' title='bbox 0 0 1521 5058; x_wconf 95' lang='lat' dir='ltr'><em> </em></span> 
     </span>
    </p>
   </div>
  </div>
 </body>
</html>
