3098 4982
242 410 431 462 CHRONIOA
449 409 563 460 REGIA
584 407 838 462 cotoniensis.
859 407 962 460 ΟΟΝΤ.
973 407 1027 459 111.
1038 407 1071 458 A.
1084 408 1163 460 1218.
1214 409 1270 459 245

544 581 707 634 Receurio
729 581 752 634 I.
775 590 802 634 et
821 581 863 632 ΙΙ.

146 667 375 753 Arragonensi,
403 667 542 753 quedam
571 667 659 754 apud
686 666 871 748 Marsiliam,
901 667 1041 752 quedam
1068 675 1269 732 transeuntes

145 753 229 815 inter
250 752 331 816 duas
352 750 483 834 insulas,
507 750 695 816 Sardeniam
723 751 843 816 scilicet
864 760 896 815 et
918 750 1092 832 Corsicam,
1114 772 1269 835 pervene-

146 845 223 900 runt
244 835 286 899 ad
307 834 440 899 Ianuam
464 837 531 899 sive
553 837 662 900 Pisam
685 837 752 900 sive
773 836 966 900 Messanam.
1008 835 1158 900 Messana
1177 835 1268 900 nobi·

144 919 266 984 lissima
293 916 479 1004 metropolis
509 929 556 984 est
582 920 615 982 in
644 918 770 1002 Sicilia,
792 918 958 984 habundat
985 920 1071 982 enim
1096 919 1267 1003 fremente,

147 1002 215 1068 oleo
238 1015 271 1069 et
291 1004 376 1067 vino.
420 1003 464 1068 Et
478 1005 524 1067 sic
540 1005 720 1068 successive
735 1003 992 1084 transfretabant,
1008 1014 1046 1090 et·
1053 1015 1269 1089 pervenerunt

146 1109 247 1175 usque
260 1087 363 1152 Acon.
395 1087 447 1153 Ibi
468 1086 589 1172 placuit
610 1089 821 1172 patriarchae,
837 1089 916 1172 regi,
932 1089 1103 1174 episcopis,
1118 1087 1267 1170 ducibus,

145 1171 381 1258 Hospitalariis,
403 1169 596 1256 Templariis
618 1173 794 1258 ceterisque
818 1173 1047 1257 crucesignatis
1074 1173 1204 1257 navigio
1232 1175 1267 1237 in

145 1255 310 1402 Egyptum
326 1255 521 1320 descendere
537 1264 568 1319 et
589 1256 793 1320 inimicorum
815 1264 944 1320 sanctae
966 1258 1068 1319 crucis
1090 1258 1266 1340 potentiam

144 1342 320 1404 auxilante
342 1341 415 1404 Deo
438 1350 611 1403 conterere.
644 1353 722 1403 Unde
745 1353 850 1414 accidit,
873 1357 904 1401 ut
925 1354 953 1401 in
975 1354 1132 1403 ascensione
1147 1354 1264 1425 Domini,
1277 1351 1331 1394 otio.

145 1447 204 1482 cum
235 1431 330 1482 classis
360 1431 533 1496 congregatio
560 1431 632 1496 apud
658 1430 808 1497 predictum
838 1437 952 1481 castrum
981 1431 1085 1480 indicta
1113 1433 1207 1482 inisset
1239 1411 1375 1484 etMal'ff'

144 1507 259 1555 maiores
280 1505 350 1554 diem
371 1503 504 1554 stlocum
524 1505 707 1567 observarent,
728 1504 821 1554 classis
840 1505 901 1569 ipsa
921 1504 1026 1554 Christo
1047 1503 1115 1555 duce
1131 1507 1265 1572 prosperis

143 1580 230 1628 ventis
249 1594 307 1640 usa,
328 1579 480 1628 Damiatam
500 1577 571 1626 infra
588 1577 705 1628 triduum
725 1577 866 1644 applicuit,
887 1584 914 1628 et
939 1579 1040 1643 absque
1061 1577 1265 1630 christianorum
1276 1585 1374 1629 Maiae.

143 1652 281 1716 sanguinis
304 1651 418 1716 inpensa
442 1657 540 1700 terram
566 1650 690 1701 hostilem
716 1652 828 1701 viriliter
852 1653 1004 1717 occupavit,
1023 1653 1081 1702 sine
1107 1654 1265 1718 capitaneis,

144 1727 189 1790 qui
218 1724 354 1790 paulisper
382 1727 478 1774 morati
506 1729 615 1790 propter
649 1724 798 1790 predictam
834 1739 943 1774 causam
978 1724 1094 1775 nondum
1124 1731 1264 1777 venerunt.

142 1799 209 1848 Est¹
232 1804 321 1848 autem
341 1799 469 1847 Damiata
487 1800 540 1847 sita
559 1799 628 1846 inter
654 1797 716 1847 litus
736 1798 818 1847 maris
838 1802 865 1847 et
884 1799 955 1863 ripas
975 1797 1039 1858 Nili,
1057 1800 1085 1848 in
1106 1815 1137 1849 eo
1156 1800 1263 1852 scilicet
1273 1819 1348 1863 naar.

141 1871 203 1922 loco
222 1873 269 1921 ubi
289 1871 373 1933 Geon,
399 1872 445 1936 qui
470 1877 497 1921 et
514 1870 601 1932 Nilus,
627 1871 694 1920 mari
714 1870 977 1921 Mediterraneo
1003 1873 1140 1937 recipitur,
1167 1875 1263 1925 civitas

140 1945 321 2011 pulcherrima
341 1950 368 1994 et
386 1943 545 2006 firmissima,
564 1941 675 1994 infinitis
693 1944 809 1994 turribus
827 1945 939 1994 interius
953 1951 980 1994 et
993 1947 1108 1996 exterius
1128 1948 1264 2008 decorata,

141 2018 244 2068 habens
263 2034 355 2069 versus
371 2019 481 2068 fluvium
501 2016 636 2082 duplicem
662 2033 773 2078 murum,
796 2032 889 2068 versus
917 2019 1019 2068 siccum
1041 2019 1184 2084 triplicem.
1229 2021 1265 2072 nt

141 2098 214 2154 nota,
234 2091 305 2157 quod
326 2097 387 2142 ants
407 2092 560 2141 Damiatam
586 2091 615 2138 in
635 2090 724 2140 medio
744 2089 805 2140 Nilo
827 2095 917 2140 erecta
943 2096 983 2141 est
1007 2093 1086 2142 turris
1111 2093 1264 2158 fortissima,

141 2180 158 2214 a
178 2166 253 2216 cuius
272 2164 342 2231 pede
361 2165 493 2214 maximae
514 2169 626 2213 catenas
645 2162 839 2229 protenduntur
856 2179 941 2229 usque
962 2164 997 2214 ad
1016 2180 1118 2215 murum
1138 2167 1264 2230 civitatis,

141 2254 175 2287 ne
194 2244 287 2304 pateat
306 2239 395 2288 aditus
413 2238 523 2302 navigio
543 2237 702 2287 intrantibus
721 2237 765 2286 vel
785 2237 985 2302 egredientibus
1007 2238 1144 2304 Egyptnm
1164 2241 1217 2290 nisi
1230 2240 1265 2292 de

141 2311 252 2365 licentia
271 2311 386 2362 soldani.
425 2312 486 2360 Hac
507 2311 576 2360 enim
596 2312 640 2360 via
660 2316 758 2360 exeunt
781 2325 864 2360 naves
885 2326 944 2360 cum
964 2312 1107 2376 speciebus
1127 2319 1264 2376 oneratae,

139 2387 278 2436 venientes
298 2386 331 2435 ab
352 2385 432 2435 India
452 2384 638 2434 attendentes
657 2399 749 2434 versus
770 2384 883 2448 Syriam,
902 2384 1082 2447 Antiochiam,
1100 2384 1264 2451 Armeniam,

140 2459 265 2510 Greciam
286 2458 455 2524 etprrum3
476 2464 502 2509 et
522 2458 555 2506 ab
577 2457 629 2507 hoc
647 2459 760 2507 transitu
779 2473 825 2506 rex
836 2456 1003 2522 Babyloniae
1023 2460 1153 2510 maximos
1167 2462 1265 2526 recipit

138 2532 269 2582 redditus.
307 2533 367 2581 Hec
382 2531 476 2582 civitas
491 2531 567 2596 quasi
581 2536 702 2596 caputet
717 2531 800 2580 clavis
815 2536 856 2580 est
875 2532 990 2581 tocius
1006 2532 1119 2598 Egypti3
1140 2533 1264 2599 precellit

141 2607 258 2655 enimin
277 2605 423 2655 munitione
443 2605 630 2669 Babyloniam,
650 2603 851 2667 Alexandriam,
871 2605 984 2654 Tanaim
1010 2610 1037 2655 et
1061 2612 1172 2658 cunctas
1198 2609 1262 2658 civi-

139 2684 209 2728 tates
228 2679 336 2744 Egypti.
375 2679 474 2728 Erecta
493 2683 555 2728 sunt
573 2675 741 2744 postmodum
760 2679 935 2728 instrumenta
948 2677 1049 2728 bellica
1063 2685 1155 2730 contra
1168 2683 1261 2732 turrim
1273 2692 1328 2734 oar.

139 2752 282 2801 Damiatae
299 2752 435 2814 famosam,
451 2766 519 2816 quae
534 2751 622 2816 capud
639 2766 720 2801 unum
735 2757 847 2802 catenae
862 2752 1025 2812 continebat,
1038 2754 1169 2819 reliquum
1183 2757 1263 2808 turris

139 2840 194 2875 una
208 2825 323 2876 civitatis
337 2823 371 2873 ad
387 2822 564 2873 claudendum
578 2825 696 2886 flurium,
712 2840 745 2874 ne
758 2841 841 2876 naves
856 2825 1035 2876 ascenderent
1047 2827 1261 2880 christianorum.

141 2897 196 2949 Sed
214 2903 303 2963 preter
322 2913 396 2962 spem
422 2902 538 2948 nostram
566 2902 592 2946 et
617 2897 829 2948 adversariorum
847 2901 969 2949 timorem
988 2915 1037 2965 per
1059 2906 1162 2966 partem
1182 2902 1263 2968 alvei,

140 2987 209 3036 qnae
230 2976 270 3022 est
282 2972 350 3021 inter
363 2971 455 3020 turrim
469 2975 496 3020 et
508 2975 614 3032 terram,
627 2985 720 3020 versus
734 2977 822 3022 castra
835 2971 948 3022 militiae
963 2972 1123 3024 christianae
1137 2975 1262 3040 galeidae

140 3060 242 3096 emaum
257 3044 354 3094 ductae
368 3048 437 3103 sunt,
456 3043 522 3093 licet
540 3044 619 3093 turris
633 3042 787 3094 defensores
805 3043 901 3095 iaculis
922 3050 948 3096 et
966 3044 1103 3111 lapidibus
1122 3051 1263 3099 transitum

139 3117 306 3184 inpedire
326 3119 483 3167 niterentur.
524 3116 701 3167 Constructas
721 3123 782 3166 sunt
794 3117 963 3182 postmodum
984 3119 1052 3168 duae
1072 3119 1163 3170 scalae
1183 3137 1264 3188 super

141 3207 290 3257 coggones3
311 3207 380 3256 quae
401 3190 463 3239 dum
486 3190 654 3239 traherentur
673 3188 708 3238 ad
727 3191 829 3250 turrim,
849 3196 876 3240 et
901 3196 929 3240 ut
949 3191 1093 3256 putabatur
1111 3196 1190 3245 turris
1216 3211 1264 3260 per

140 3281 187 3316 eas
207 3267 268 3332 capi
286 3270 387 3331 posset,
407 3279 466 3313 cum
487 3262 578 3312 dolore
594 3267 684 3313 nostro
699 3278 795 3328 magno
810 3269 837 3313 et
854 3263 992 3313 stultorum
1006 3263 1148 3316 blasfemia
1168 3267 1264 3330 malus,

137 3339 166 3388 in
186 3355 237 3404 quo
258 3353 388 3405 suspensa
403 3337 453 3386 fnit
471 3336 547 3388 scala
565 3335 817 3402 Hospitalariorum,
837 3336 988 3388 confractus
1005 3336 1109 3389 decidit
1134 3355 1195 3389 cum
1214 3356 1263 3390 suo

138 3413 266 3479 pondere.
295 3413 331 3462 nt
343 3410 423 3478 paulo
437 3416 498 3476 post
510 3408 604 3460 scalaa
617 3409 693 3460 ducis
706 3410 831 3460 Austriae
844 3410 967 3461 similiter
981 3410 1091 3474 decidit,
1103 3411 1184 3463 fortes
1198 3427 1263 3477 ago-

138 3487 223 3536 nistas
235 3485 334 3536 Christi
345 3485 466 3535 deorsum
477 3485 642 3549 precipitans
654 3488 680 3533 et
690 3498 738 3549 per
748 3484 867 3548 martyrii
878 3483 995 3549 palmam
1006 3483 1041 3534 ad
1053 3483 1127 3536 celos
1143 3486 1261 3537 elevans.

138 3558 287 3608 Tandem
302 3556 1263 3626 magisterOliveruscoloniensisscolasticusexpuris

140 3632 347 3682 elemosinis
367 3629 574 3698 pauperum²
594 3630 777 3680 edificium
798 3632 1008 3693 construxit,
1028 3631 1061 3680 in
1081 3647 1143 3697 quo
1164 3639 1263 3685 erant

139 3739 162 3793 a)
179 3743 241 3781 scale
257 3742 305 3782 Bl.
323 3743 344 3780 2.

141 3873 169 3940 1)
188 3873 264 3924 Haec
282 3890 314 3924 ea
334 3872 525 3938 ‘Descriptiooe
544 3888 635 3938 repam
648 3870 839 3938 riyctreuorurrt¹
860 3871 917 3925 cod.
932 3871 1021 3941 Gaels.
1033 3873 1105 3927 Gari.
1118 3876 1179 3937 131,
1199 3876 1261 3926 olins

138 3947 166 4000 S.
187 3947 367 4006 Pantaleoais,
386 3946 493 4011 saepius
519 3945 598 3996 etiarn
622 3945 670 3994 suh
694 3945 786 3997 Iacchi
810 3945 842 3997 de
872 3943 986 3998 Vitriaco
1005 3947 1110 3999 nomine
1130 3949 1261 4014 impressa

139 4021 282 4084 (Murteae,
305 4019 380 4071 dhes.
400 4018 458 4082 III,
474 4035 504 4084 p.
524 4019 591 4080 267)
610 4027 716 4083 sumpta
735 4026 805 4081 aaut,
824 4019 857 4070 de
875 4036 930 4084 quo
948 4019 982 4085 cf.
998 4020 1127 4084 Zarnolre,
1148 4021 1212 4074 ‘Sa
1232 4023 1276 4075 ἀ.»

138 4093 229 4160 Leipa.
251 4093 281 4146 G.
303 4093 330 4144 d.
356 4092 616 4158 W.’1875,p.145,
637 4091 684 4142 abi
701 4091 740 4142 ita
760 4091 867 4158 lepitur:
887 4094 920 4142 In
939 4093 990 4143 hac
1009 4100 1080 4145 terra
1104 4096 1151 4146 nbi
1176 4098 1261 4147 maior

137 4185 199 4235 pars
218 4169 273 4218 Nili
292 4169 420 4232 recipitur
432 4168 461 4216 in
474 4167 548 4227 mari,
562 4167 632 4216 inter
644 4167 715 4232 ripas
728 4166 784 4216 Nili
798 4172 825 4217 et
836 4166 899 4217 litus
913 4168 992 4218 maris
1006 4169 1058 4220 sita
1070 4175 1111 4220 est
1123 4170 1261 4232 Damiata,

140 4243 235 4292 civitas
249 4248 311 4302 etc.,·
331 4249 423 4291 antea:
437 4240 515 4305 Gyen
535 4242 580 4304 qui
600 4246 627 4290 et
636 4240 712 4290 Nilus
732 4239 889 4306 appellatur.
919 4237 1020 4291 Similia
1039 4241 1179 4307 descriptio
1197 4257 1269 4306 cero,

138 4315 185 4366 hoe
205 4316 259 4365 loco
278 4313 403 4366 historiae
423 4313 480 4364 cod.
494 4311 683 4380 Lugdunensis
702 4313 740 4376 (a.
757 4311 893 4379 Appead.)
912 4313 1047 4366 iurentur.
1108 4313 1137 4381 2)
1157 4313 1262 4366 Eadem

131 4389 196 4454 sere
214 4386 294 4439 cerba
312 4389 342 4438 iu
361 4385 473 4439 historia
492 4386 549 4438 cod.
570 4383 758 4452 Lugdunensis
778 4387 909 4453 loquutur.
1078 4382 1082 4390 '
