2988 5058
209 428 258 477 EX
277 428 373 481 HIST.
392 427 675 480 EXPEDITIONUM
695 427 735 477 IN
754 426 902 478 TERRAM
922 426 1100 479 sANOTAM.
1157 388 1209 476 34i

81 615 105 656 a
121 595 234 659 nautis
249 596 426 660 iuramento
438 595 650 678 firmantibus,
665 595 750 660 viam
766 596 862 658 maris
878 616 919 658 ex
929 607 1044 659 natura
1057 593 1210 680 temporis
1223 623 1287 664 ινιτ.

83 699 168 742 suos
200 691 311 745 ventos
344 679 514 745 habentem
548 682 594 744 eis
626 701 696 744 esse
724 679 936 765 preclausam,
957 688 989 742 et
1010 680 1210 764 presenciam

82 785 204 827 eorum
225 763 324 828 Terre
341 762 459 828 Sancte
481 765 587 827 minus
609 765 676 828 fore
698 762 818 845 utilem,
840 765 981 826 maxime
1003 783 1077 826 cum
1095 763 1211 826 Roma·

82 869 206 911 norum
236 871 294 912 rex
324 857 355 913 et
380 847 519 911 Romani
548 869 622 912 cum
651 847 760 912 multis
792 847 994 934 principibus
1021 845 1211 912 Alamannia
1317 903 1320 910 .

82 930 152 996 hoc
174 942 319 1018 tempore
333 954 398 994 non
413 933 599 997 transirent:
622 931 787 1016 elegerunt
808 933 918 1016 itaque
939 930 1045 996 medio
1068 940 1212 1015 tempore

81 1016 121 1078 in
152 1017 305 1102 obsequio
336 1017 444 1080 divino
473 1014 631 1080 desudare
660 1026 693 1080 et
725 1014 927 1079 inimicorum
956 1013 1033 1078 fidei
1059 1014 1139 1079 fines
1165 1015 1212 1079 in-

82 1099 218 1182 vadere,
241 1121 337 1185 quam
350 1099 437 1185 apud
454 1098 560 1164 locum
577 1099 717 1186 aliquem
735 1099 928 1186 quiescendo
947 1107 1110 1196 tamquam
1127 1100 1212 1164 servi

83 1183 218 1248 inutiles
249 1185 319 1248 ocio
340 1205 466 1253 vacare.
511 1183 563 1248 Ab
592 1183 653 1248 hoc
681 1195 789 1249 tamen
817 1184 983 1270 proposito
1006 1181 1212 1248 discordabat

81 1268 276 1333 Werdensis
306 1268 406 1333 abbas
440 1279 472 1332 et
503 1289 613 1332 omnes
640 1268 706 1332 fere
736 1267 887 1333 Frisones
909 1277 940 1331 et
961 1268 1056 1331 etiam
1101 1266 1212 1331 uidam

83 1350 152 1434 alii,
187 1353 243 1438 qui
270 1353 420 1437 proxima
447 1360 539 1416 sexta
565 1353 646 1416 feria
674 1363 748 1438 post
768 1351 885 1416 festum
908 1352 994 1416 beati
1015 1289 1127 1416 lacribi
1148 1352 1308 1417 abstrusae.

82 1435 267 1501 Ulixibona
290 1458 364 1500 cum
387 1437 549 1521 octoginta
564 1436 701 1501 navibus
715 1435 767 1500 vel
788 1434 885 1522 paulo
907 1434 979 1521 plus
1001 1444 1211 1502 recesserunt.

83 1520 132 1584 Et
154 1522 240 1585 sicut
260 1530 374 1606 postea
395 1543 454 1606 per
476 1521 624 1586 effectum
646 1521 762 1606 patuit,
784 1519 870 1584 solus
894 1520 996 1584 exeis
1012 1529 1211 1606 eotempore

84 1625 154 1668 non
182 1605 409 1669 transfretavit.
459 1603 553 1669 Multi
579 1614 686 1668 tamen
712 1603 829 1669 nebula
857 1602 1012 1689 palpabili
1040 1607 1143 1668 cecati
1169 1603 1212 1668 ad

83 1698 218 1773 portum
241 1687 380 1772 Algazer
405 1690 533 1774 preterb
560 1689 763 1775 propositum
789 1689 882 1752 inviti
909 1710 982 1750 cum
1010 1686 1080 1750 aliis
1109 1686 1211 1774 appli-

85 1779 233 1836 cucrunt.

86 1915 118 1978 3.
152 1915 213 1980 De
234 1913 455 1980 obsidione
478 1915 608 2060 castrfi
629 1912 808 2061 Apgazer
830 1923 868 1978 et
888 1933 1023 1998 pugna
1044 1911 1199 1977 ibidem

609 2019 654 2061 ac
681 2020 709 2062 a.

172 2118 280 2184 Tertio
308 2120 406 2202 igitur
427 2117 592 2182 Kalendas
614 2117 756 2203 Augusti
785 2117 889 2180 aiam
911 2117 1006 2182 dictis
1036 2115 1208 2182 comitibus
1219 2137 1261 2179 rar.
1270 2136 1307 2180 so.

89 2201 258 2267 obsessum
280 2212 329 2267 est
350 2212 502 2284 castrum,
526 2202 612 2288 quod
633 2204 667 2266 in
690 2201 859 2266 dulcedine
880 2210 963 2265 terre
986 2223 1083 2286 super
1103 2199 1209 2265 multi-

86 2286 198 2352 tudine
220 2289 357 2373 piscium
380 2310 418 2351 ac
440 2287 580 2352 ferarum
603 2299 654 2351 est
674 2287 780 2366 situm,
804 2296 841 2350 ut
862 2285 957 2370 longe
980 2296 1055 2373 post
1075 2284 1211 2350 advene-

86 2381 161 2436 runt
193 2394 252 2458 per
281 2382 398 2435 terram
428 2371 545 2458 prefati
575 2372 720 2469 episcopi
748 2393 822 2434 cum
854 2392 973 2434 macno
1002 2370 1158 2434 comitatu
1180 2379 1212 2434 et

86 2455 200 2532 fratres
222 2454 262 2520 de
286 2455 402 2521 Gladio
430 2478 504 2520 cum
531 2455 603 2519 aliis
625 2453 797 2520 nobilibus.
841 2419 1043 2539 Impletoque
1064 2455 1210 2539 protinus

87 2539 228 2619 fossato,
275 2541 487 2605 instrumenta
522 2539 639 2605 bellica
683 2549 796 2604 contra
835 2559 944 2602 muros
981 2546 1056 2601 sunt
1093 2549 1208 2608 erecta.

87 2621 300 2688 Accesserunt
328 2625 476 2707 fossores,
509 2635 545 2690 ut
577 2645 686 2688 muros
718 2623 888 2703 deicerent,
923 2633 955 2688 et
989 2622 1159 2686 Sarraceni
1192 2644 1209 2686 e

89 2707 247 2770 contrario
284 2708 458 2789 fodientes,
503 2719 629 2773 nostros
665 2706 902 2794 impediebant.v
953 2707 1107 2770 Attamen
1143 2715 1209 2770 tam

89 2789 215 2854 illorum
238 2813 336 2875 quam
358 2793 491 2855 istorum
514 2790 625 2857 labore
648 2793 752 2856 ciroa⁰
772 2792 890 2856 festum
914 2789 1052 2877 apostoli
1073 2789 1321 2860 sartho-atae

88 2873 184 2938 lomei
212 2897 254 2939 ex
282 2874 424 2939 turribus
457 2896 522 2938 una
551 2875 675 2940 cecidit.
726 2875 794 2938 Nec
822 2884 929 2940 tamen
958 2876 1064 2961 patuit
1091 2874 1208 2938 aditus.

90 2957 225 3023 Interior
246 2979 385 3044 namque
407 2981 482 3044 pars
504 2960 589 3022 muri
612 2959 759 3045 perstitit,
783 2960 839 3044 qui
853 2969 987 3045 propter
1008 2958 1209 3024 latitudinem

91 3041 201 3106 decem
238 3052 270 3107 et
306 3053 378 3106 octo
421 3041 521 3128 pedes
561 3043 776 3107 continentem
812 3065 877 3106 non
911 3053 1038 3128 poterat
1072 3044 1208 3128 accingi.

90 3127 242 3190 Proxima
263 3148 339 3191 vero
363 3138 454 3190 sexta
475 3127 555 3190 feria
569 3135 645 3212 post
664 3127 863 3191 nativitatem
885 3124 978 3190 beate
990 3124 1110 3190 Marie¹
1136 3148 1208 3190 con·
1220 3142 1277 3194 sapt.
1290 3143 1321 3184 9?

90 3220 243 3276 venerunt
270 3210 311 3274 ad
333 3232 441 3274 muros
464 3221 625 3296 quatuor²
649 3209 897 3274 Sarracenorum
927 3231 1021 3292 reges
1047 3210 1081 3272 in
1103 3209 1208 3274 multi-

90 3295 198 3360 tudine
219 3295 328 3376 nimia,
350 3294 391 3358 ad
414 3305 541 3359 centurn
564 3293 653 3358 milia
674 3302 794 3358 taxata.
838 3293 897 3356 Isti
918 3315 1020 3378 prope
1043 3294 1208 3357 cristianos

91 3379 132 3444 ad
157 3402 255 3443 unam
283 3378 410 3443 leucam
442 3379 543 3443 fixere
571 3380 719 3460 tentoria,
751 3376 894 3442 volentes
925 3398 979 3440 eos
1008 3377 1121 3461 fugare
1154 3387 1209 3440 aut

91 3465 216 3549 penitus
252 3464 426 3549 captivare.
476 3462 629 3529 Oristiani
664 3460 705 3526 de
740 3483 850 3547 pugna
886 3470 1018 3547 propter
1052 3482 1209 3547 equorum

91 3547 296 3632 indigentiam
319 3546 510 3630 diffidantes,
533 3547 652 3611 fossato
668 3546 820 3610 citissime
842 3545 939 3628 facto,
961 3567 995 3608 se
1017 3555 1050 3609 et
1064 3567 1123 3608 sua
1137 3567 1207 3631 pre-

93 3629 259 3694 cluserunt.
317 3629 382 3695 Sed
415 3633 617 3717 omnipotens
649 3630 752 3709 Deus,
785 3631 842 3716 qui
875 3630 1024 3714 superbis
1057 3629 1208 3694 resistens

91 3713 261 3780 humilibus
284 3737 375 3778 suam
398 3713 454 3778 dat
475 3716 624 3800 gratiam,
658 3713 808 3799 dignatus
838 3723 887 3778 est
915 3736 990 3778 suos
1018 3714 1206 3796 confortare,

92 3799 264 3863 intantum
288 3808 323 3862 ut
344 3799 401 3862 ind
422 3800 493 3884 ipso
516 3799 621 3863 medie
644 3799 748 3863 noctis
764 3799 868 3883 spatio
884 3798 976 3863 nobis
996 3800 1032 3861 in
1050 3797 1207 3862 auxilium

92 3879 226 3946 mitteret
240 3883 372 3946 Petrum
386 3885 577 3968 magistrum
599 3881 716 3947 milicie
731 3881 989 3968 Templariorum
1012 3883 1098 3946 circa
1119 3903 1207 3946 mare
1308 3901 1313 3911 ¹

92 3965 158 4028 Deo
191 3965 406 4030 militantium.
451 3969 546 4033 Mane
578 3977 684 4032 autem
715 3967 801 4031 facto
832 3966 1012 4032 festivitatis
1034 3965 1146 4030 Prothi
1175 3976 1207 4031 et
1216 3984 1273 4036 aaa
1285 3989 1323 4030 ιι.

91 4050 221 4115 Iacincti
242 4051 275 4113 in
298 4049 433 4116 elatione
461 4053 604 4116 maxima
632 4049 770 4137 predicti
790 4073 884 4136 reges
906 4072 926 4114 a
947 4059 1038 4135 parte
1061 4049 1206 4116 orientali

91 4211 112 4266 a)
127 4215 153 4254 ad
168 4214 317 4256 Ulixibonam
332 4225 350 4258 r.
400 4213 424 4268 b)
440 4218 493 4266 pter
507 4227 525 4256 c.
579 4213 600 4267 e)
617 4216 704 4256 circum
719 4226 775 4257 corr.
792 4215 854 4256 circa
867 4226 885 4254 r.
957 4211 981 4266 d)
995 4219 1046 4264 port
1061 4225 1169 4264 sapam.
1186 4224 1204 4255 a.

94 4345 119 4414 1)
138 4345 274 4399 Nativitaa
293 4348 317 4398 b.
337 4346 445 4400 Mariae
464 4348 512 4399 boc
532 4364 603 4399 uano
622 4356 698 4399 reato
717 4355 774 4399 erat
786 4347 872 4414 feria.
975 4344 1004 4411 2)
1029 4343 1153 4398 Gomara:
1172 4346 1205 4395 In

92 4437 136 4474 nos
154 4423 291 4489 conspirat
308 4420 427 4488 Ispania,
448 4423 540 4488 dirigit
560 4425 587 4472 in
607 4437 656 4473 nos
689 4422 754 4472 Tres
773 4438 866 4487 rages3
878 4420 999 4488 sortasse
1017 4421 1093 4472 metri
1112 4435 1204 4472 caasa.
