3122 4978
305 385 356 434 176
440 381 627 434 CHRONIOA
646 380 758 434 asum
778 379 1028 433 conuulsum
1051 379 1154 430 CONT.
1174 381 1212 431 ΙΙ.
1233 381 1266 432 Α.
1279 381 1357 433 1206.

303 560 409 616 mente
431 551 465 614 in
486 570 540 614 eos
563 548 732 615 debachati
754 558 837 631 sunt,
858 558 895 613 ut
915 551 1011 613 etiam
1032 548 1139 633 ipsum
1168 556 1309 612 castrum
1330 548 1423 614 Rode

305 657 408 721 usque
435 633 477 698 ad
505 655 633 697 murum
667 633 850 699 interiorem
881 632 1020 697 totaliter
1051 633 1119 716 igni
1156 634 1424 718 consumpserint.

306 717 521 785 Succiderunt
542 727 574 781 et
595 716 705 799 tiliam,
729 739 790 818 que
806 716 940 782 diversis
956 716 1091 781 edificiis
1105 714 1244 780 mirabili
1263 727 1425 782 structura

305 805 340 866 in
361 801 492 866 modum
514 823 572 886 pro
598 800 748 887 ugnaculr
769 802 801 866 in
824 801 923 866 altum
944 799 1108 886 latumque
1129 799 1276 882 deducta,
1299 801 1424 867 intuen-

307 887 394 952 tibus
417 885 546 974 quidem
568 824 755 951 delectabile
773 884 940 1034 prestabat
962 883 1189 971 spectaculum,
1212 883 1324 949 subtus
1352 908 1423 950 eam

306 993 383 1036 vero
404 968 642 1034 ambulantibus
663 968 715 1034 vel
737 991 771 1032 se
794 968 922 1034 entibus
945 966 1084 1054 optabile
1113 968 1268 1054 prebebat
1294 968 1423 1033 umbra-

208 1081 265 1130 sepa.
274 1081 295 1122 s.
308 1054 424 1118 culum.
477 1054 588 1118 Bruno
610 1052 730 1118 electus
758 1055 844 1117 eirca
864 1054 1062 1119 nativitatem
1084 1062 1194 1117 sancte
1215 1052 1317 1117 Marie
1347 1076 1440 1118 cum.

308 1139 371 1203 600
392 1137 545 1203 militibus
568 1136 779 1223 peditumque
800 1159 918 1222 magna
939 1135 1142 1202 multitudine
1161 1159 1274 1202 versus
1288 1135 1423 1202 fluvium

307 1225 374 1288 Are
396 1222 600 1308 protendens,
622 1244 748 1308 queque
770 1223 896 1286 comitis
924 1220 964 1286 de
986 1220 1201 1286 Hoinstadin⁸
1230 1231 1320 1286 erant
1347 1225 1422 1286 cori-

305 1306 487 1387 cremando,
517 1305 696 1391 diripiendo
724 1307 841 1371 acriter
871 1305 1084 1392 depopulatus
1113 1318 1171 1370 est.
1226 1304 1364 1371 Obsedit
1391 1316 1425 1372 et

306 1403 447 1456 castrum
462 1390 515 1453 cui
529 1389 635 1454 Hartb
650 1388 844 1455 vocabulum
867 1401 924 1472 est,
946 1389 1003 1454 ubi
1018 1390 1149 1477 quidam
1165 1388 1256 1455 miles
1272 1391 1423 1490 egregius

306 1476 434 1538 nomine
470 1472 663 1539 Gisilbertus
695 1473 735 1539 de
763 1473 920 1538 Kerriohe
952 1475 1065 1540 lancea
1092 1495 1266 1561 percussus
1292 1475 1423 1540 mteriit.

305 1559 472 1624 Profectus
493 1557 577 1638 inde,
599 1566 717 1622 terram
739 1559 865 1623 comitis
887 1557 1075 1623 Iuliacensis
1096 1581 1178 1646 eque
1204 1557 1347 1640 cedibus,
1374 1581 1423 1622 ra-

306 1644 391 1730 pinis
414 1653 446 1707 et
466 1640 621 1706 incendiis
644 1641 810 1706 devastare
832 1643 927 1728 cepit.
974 1641 1108 1706 Excidit
1135 1652 1167 1706 et
1192 1643 1330 1722 vineam,
1352 1665 1424 1730 per-

308 1749 326 1790 o
351 1727 462 1790 timam
484 1747 603 1812 sepem,
625 1724 765 1790 torcular
787 1726 918 1792 exussit.
960 1725 1056 1791 Unde
1084 1747 1191 1794 comes
1212 1726 1298 1791 idem
1327 1748 1424 1812 quam

305 1749 479 1897 plurimum
501 1808 675 1874 indoluisse
697 1809 806 1890 fertur,
828 1831 866 1875 eo
912 1810 976 1874 uod
998 1813 1032 1875 in
1053 1809 1133 1875 locis
1154 1809 1217 1874 illis
1238 1832 1309 1875 rare
1327 1811 1425 1876 habe-

306 1906 417 1960 rentur
443 1896 547 1976 vinee,
576 1903 609 1958 et
638 1893 724 1980 quod
751 1893 850 1958 multo
879 1894 910 1958 la
935 1916 989 1959 ore
1017 1916 1056 1958 ac
1079 1905 1211 1981 sumptu
1236 1895 1309 1981 ipsa
1328 1897 1425 1960 vinea

310 1977 439 2044 exculta
453 1978 575 2060 fuisset,
589 2000 609 2042 a
624 1977 785 2042 nonnullis
807 2000 883 2043 vero
905 1990 1038 2064 accepto
1054 2000 1119 2042 non
1134 1977 1262 2042 modico
1283 1981 1419 2064 argenti,

307 2063 420 2128 domos
449 2061 605 2149 villasque
633 2085 744 2128 eorum
765 2065 886 2128 inustas
908 2061 1045 2150 reliquit.
1088 2063 1168 2127 Inde
1190 2063 1283 2126 motis
1311 2065 1423 2129 castris

306 2147 442 2212 Nusiam
457 2158 704 2233 pretergressus,
726 2148 760 2210 in
781 2146 851 2212 loco
867 2149 923 2234 qui
936 2145 1079 2212 Bucholz
1095 2145 1212 2212 Sancte
1226 2146 1426 2212 Gerdrudiss

187 2257 244 2308 Sept.
263 2259 297 2301 rs.
307 2230 487 2321 appellatur
508 2231 580 2296 fixit
594 2232 740 2312 tentoria,
755 2243 883 2317 postera
896 2231 959 2306 die,
974 2231 1097 2296 scilicet
1109 2241 1184 2317 post
1197 2230 1426 2297 exaltationem

308 2328 416 2380 sancte
438 2316 551 2396 crucis,
573 2324 690 2380 terram
713 2317 838 2379 comitis
859 2316 899 2380 de
923 2314 1018 2381 Gelre
1041 2315 1227 2404 [intravitll
1252 2315 1428 2403 ipsumque

308 2421 381 2462 cum
403 2400 515 2465 ceteris
537 2399 598 2464 sibi
619 2398 863 2464 adversantibus
890 2411 947 2464 aut
968 2399 1082 2464 ditioni
1111 2423 1167 2465 sue
1194 2398 1340 2465 subicere
1369 2409 1428 2465 aut

288 2481 477 2547 ‘omnibns
499 2482 604 2548 modis
628 2481 813 2568 disperdere
827 2482 971 2548 molitus:
988 2506 1062 2547 cum
1084 2505 1158 2548 eece
1179 2484 1289 2547 nuncii
1316 2506 1426 2570 super-

307 2569 482 2649 venientes,
494 2565 679 2652 Philippum
706 2589 816 2652 regem
838 2588 912 2630 cum
927 2565 1131 2632 multitudine
1146 2569 1277 2654 copiosa
1290 2566 1425 2632 fluvium

306 2650 474 2716 Mosellam
494 2653 645 2715 transisse
665 2660 760 2737 atque
781 2652 815 2713 in
837 2651 974 2716 confinio
986 2652 1179 2717 Veronensis
1194 2653 1331 2716 civitatis
1360 2654 1425 2717 iam

232 2778 242 2794 .
309 2735 500 2812 consedisse,
523 2735 709 2803 retulerunt.
759 2735 853 2799 Unde
875 2735 993 2800 infecto
1015 2737 1145 2820 negotio
1167 2736 1276 2800 Bnmo
1305 2734 1426 2802 electus

309 2839 381 2882 cum
396 2820 463 2883 suis
478 2841 573 2905 quam
591 2818 724 2884 celerius
742 2818 909 2884 Coloniam
923 2842 1079 2902 reversus,
1093 2821 1195 2885 intras
1211 2819 1299 2884 urbis
1319 2822 1426 2887 menis

189 2921 246 2971 Sert-
264 2922 342 2967 1sse
370 2925 442 2968 rece
466 2904 500 2967 it.
590 2903 758 2990 Philippus
787 2927 846 2968 rex
875 2905 961 2968 circa
986 2905 1103 2970 festum
1129 2904 1232 2969 saneti
1257 2903 1423 2970 Lamberti

308 3008 382 3049 oum
403 2925 545 3074 palatino
567 2989 683 3053 comite
704 2987 745 3054 de
766 2988 1016 3062 Wirlinebaehs,
1038 2989 1119 3054 duce
1140 2988 1317 3069 Austrssie,
1339 2987 1423 3054 duee

307 3071 455 3137 Baioarie
477 3071 611 3158 aliisque
634 3094 731 3158 quam
759 3071 916 3157 pluribus,
945 3094 1020 3138 cum
1050 3074 1214 3138 exercitu1¹
1235 3092 1354 3157 magno
1383 3095 1422 3137 ac

307 3157 437 3221 navium
469 3156 638 3220 innumera
663 3155 877 3238 multitudine,
905 3167 1020 3242 rogatu
1047 3155 1156 3221 Adolfi
1188 3155 1423 3256 archiepiscopi

307 3240 549 3327 amicorumque
571 3262 711 3320 suorum,
732 3249 840 3328 partes
861 3240 1025 3306 inferiores
1046 3241 1112 3306 iam
1141 3249 1255 3327 quarto
1282 3240 1422 3323 intravrt,

306 3324 458 3389 iniuriam
479 3324 616 3412 predicti
637 3325 871 3411 archiepiscopi
889 3347 950 3424 pro
973 3324 1162 3412 expulsione
1183 3326 1286 3411 ipsius
1300 3324 1341 3389 ab
1355 3326 1423 3411 epi-

308 3409 417 3494 scopio
444 3410 478 3473 in
501 3408 648 3475 Colonia¹
674 3410 780 3474 aerius
808 3409 1029 3474 vindicaturus
1055 3431 1094 3474 ac
1114 3411 1255 3494 insuper,
1278 3409 1306 3471 si
1328 3411 1423 3494 copia

308 3491 410 3575 detur,
439 3494 542 3642 ipsam
572 3494 733 3559 civitatem
756 3492 923 3558 Coloniam
931 3495 949 3576 ἰ,
977 3503 1088 3580 utpote
1115 3493 1291 3559 maiestatis
1323 3513 1422 3575 ream,

307 3579 428 3666 quippe
472 3600 489 3642 e
513 3599 578 3677 qua
602 3587 669 3642 tam
699 3576 762 3643 sibi
784 3600 880 3665 quam
900 3576 1009 3643 multis
1029 3588 1102 3643 ante
1117 3599 1151 3642 se
1165 3577 1295 3662 regibus
1311 3598 1424 3664 oppro-

306 3661 376 3726 bria
397 3661 498 3726 multa
526 3660 613 3726 illata
641 3662 740 3727 fuisse
770 3683 829 3726 con
852 3661 1031 3744 uerebatur,
1061 3661 1223 3727 solotenus
1245 3683 1423 3726 eversurus.

307 3744 456 3809 Transito
477 3746 577 3830 igitur
603 3745 701 3810 fluvio
729 3746 818 3811 Mose
842 3768 872 3829 a,
896 3744 984 3811 nullo
1006 3747 1069 3811 sibi
1094 3747 1277 3827 obsistente,
1300 3744 1424 3809 Ander-

304 3849 420 3892 nacum
441 3830 537 3911 venit,
559 3829 633 3893 inde
655 3829 801 3916 predium
822 3831 948 3916 regium
960 3829 1114 3896 Sinzeche
1127 3830 1260 3916 Regiom
1304 3851 1425 3916 umque

305 3913 491 3998 preteriens,
517 3913 678 3979 Veronam
704 3913 868 4001 applicuit,
900 3913 1027 4003 [interl]
1055 3937 1151 4002 quam
1178 3923 1210 3979 et
1238 3851 1422 3978 Ubloniam¹

305 3995 348 4060 ad
377 3995 441 4060 duo
470 3997 535 4062 fere
556 3996 693 4063 miliaria
713 4000 905 4085 protendens
928 3997 1141 4081 tabemacula,
1162 3997 1227 4062 illic
1250 4019 1319 4062 sese
1348 4018 1422 4061 curn

306 4079 372 4144 suis
393 4083 598 4169 transposuit
642 4082 708 4148 Ubi
729 4085 833 4169 gratia
853 4084 1019 4148 recreandi
1047 4085 1223 4149 exercitum
1251 4079 1423 4168 aliquantis

306 4280 504 4333 aifloinsthsdsn
518 4282 556 4324 As
572 4284 611 4322 tce
626 4283 679 4325 loco.
740 4282 905 4335 b)Nsrc.⁴12.
952 4282 974 4336 c)
991 4283 1111 4325 Gertrudts
1127 4282 1174 4325 Aa.
1221 4280 1245 4334 d)
1261 4281 1316 4322 decet
1332 4278 1381 4321 As.
1399 4280 1420 4321 3.

306 4341 328 4390 e)
345 4341 409 4380 omni
423 4339 471 4382 Aa.
517 4339 611 4394 ointer
627 4342 674 4383 Aa.
720 4343 744 4397 ε)
761 4343 902 4386 Witllnbsch
918 4342 964 4385 As.
1009 4341 1033 4396 h)
1049 4344 1156 4394 tuusque
1171 4343 1221 4382 At.
1272 4342 1288 4391 i)
1305 4337 1354 4382 Col'
1370 4338 1422 4383 212.

305 4397 330 4452 k)
346 4399 463 4440 deeras.
522 4400 540 4453 l)
557 4400 607 4442 Ool’
624 4401 669 4442 Aa.
