3122 4978
283 374 335 424 162
408 372 596 424 CHRONICA
614 371 728 424 REGIA
750 368 1002 423 conoulllrlsls.
1024 368 1128 421 CONT.
1146 366 1270 420 A.1198.
1360 402 1366 414 .

625 545 791 597 secessio
810 544 835 596 ι.
855 543 951 596 eoas.
972 527 1054 595 nse.

281 615 378 679 fratre
400 614 526 678 comitis
549 613 589 678 de
604 611 747 694 Hollant,
770 610 878 676 electis
895 611 1110 676 Traiectensis
1133 606 1297 691 ecclesiae,
1319 607 1415 671 mor?

281 700 375 782 tuis¹‚
397 696 540 763 succedit
561 696 797 764 Theodericus²
819 695 859 760 de
881 693 1065 780 Nurbergl.

653 785 818 839 Receasio
838 785 862 837 Ι.
882 786 973 837 codd.
994 786 1027 837 A.

366 856 483 920 Werra
509 865 688 953 magnaei
715 855 870 919 dissensio
893 854 989 916 nimis
1011 850 1173 918 timendae
1196 851 1296 915 oritur
1317 853 1401 916 inter

305 941 444 1025 rmcipes
480 938 695 1004 Theutomcos
732 939 772 1003 de
815 939 961 1024 imperio.
1014 937 1099 1000 Nam
1136 935 1335 1001 Coloniensis
1373 944 1405 999 et

281 962 480 1089 lires-irensis
504 1021 741 1108 archiepiscopi
763 1020 951 1086 electionem
979 1021 1064 1106 regis
1087 1020 1137 1084 sui
1158 1021 1237 1084 iuris
1260 1041 1330 1083 esse
1352 1019 1404 1084 fir-

283 1119 416 1190 mantes,
449 1106 559 1172 habito
590 1105 723 1170 consilio
752 1129 828 1170 cum
857 1105 1051 1193 quibusdam
1073 1104 1131 1170 sed
1150 1104 1263 1189 paucis
1285 1104 1404 1190 princi-

283 1192 389 1292 pibus,
407 1193 529 1256 curiam
550 1189 621 1256 aliis
642 1190 837 1276 primoribus
851 1191 887 1254 in
896 1189 1032 1256 Colonia
1046 1187 1229 1253 habendam
1244 1189 1404 1274 prefigrmt

174 1295 241 1337 narr.
252 1297 273 1338 1.
284 1299 318 1342 sn
340 1276 502 1340 dominica
525 1273 622 1341 Oculi
643 1276 716 1354 mei,
740 1285 910 1339 evocantes
932 1273 1046 1338 eodem
1068 1281 1100 1337 et
1122 1272 1236 1336 ducem
1253 1271 1404 1356 Gangis,

285 1382 382 1447 quem
419 1361 517 1424 etiam
551 1359 616 1444 ipsi
645 1357 899 1425 deliberaverant
930 1380 1040 1444 regem
1071 1378 1190 1421 creare.
1246 1355 1300 1420 Ad
1321 1355 1404 1420 hanc

283 1453 391 1508 autem
412 1445 536 1507 curiam
564 1465 639 1506 cum
667 1444 831 1542 principes
854 1441 934 1507 nulli
956 1463 1123 1506 occmrere
1150 1438 1277 1522 vellent,
1305 1442 1404 1540 scrip-

283 1536 393 1592 senmt
413 1528 566 1613 predictis
588 1526 841 1613 archiep1scopis
857 1536 1015 1591 eteorum
1031 1522 1225 1610 sequacibus
1264 1525 1404 1609 rincrpes

282 1613 411 1677 Austris
433 1621 465 1677 et
486 1609 622 1674 aliarum
644 1613 846 1697 superiorum
874 1613 1025 1697 partium,
1059 1619 1095 1672 ut
1123 1609 1186 1695 ipsi
1218 1547 1261 1672 ad
1283 1611 1403 1672 curiam

282 1697 317 1760 in
331 1695 481 1781 Erspfort
496 1704 701 1760 occurrerent
723 1694 854 1759 electuri
876 1717 949 1758 cum
972 1696 1017 1759 eis
1032 1695 1195 1780 ydoneum
1217 1703 1249 1756 et
1270 1692 1404 1779 dignum

283 1780 356 1844 Deo
376 1781 604 1865 imperatorem
619 1788 651 1844 et
664 1778 857 1844 advocatum
872 1776 1089 1844 ecclesiarum.
1131 1777 1220 1842 Dum
1240 1799 1317 1864 ergo
1338 1777 1404 1840 iam

620 1921 786 1976 Receusio
805 1924 848 1976 ΙΙ.
868 1924 961 1975 codd.
978 1923 1013 1975 B.
1035 1921 1062 1973 0.

353 2027 481 2091 Primus
508 2049 610 2091 annus
633 2027 810 2092 discordiae
832 2029 866 2091 in
887 2050 987 2112 regno
1010 2028 1093 2091 inter
1114 2025 1195 2090 duos
1216 2049 1310 2113 reges
1320 2027 1344 2089 ἃ.

478 2111 508 2176 8.
551 2112 646 2175 Anno
672 2112 854 2177 dominicae
876 2111 1103 2176 incarnationis
1128 2110 1219 2175 1198.

376 2203 492 2254 Werrse
511 2218 610 2268 magna
630 2212 658 2254 et
679 2201 810 2254 dissensio
829 2204 908 2254 nimis
933 2202 1053 2253 timenda
1076 2202 1159 2252 oritur
1178 2203 1247 2251 inter
1271 2203 1407 2268 principes

283 2277 465 2328 Thsutonicos
486 2276 519 2326 de
538 2277 662 2344 imperio.
706 2277 775 2326 Nam
795 2276 965 2327 coloniensis
982 2283 1008 2326 et
1027 2275 1192 2325 Trevirensis
1208 2275 1408 2346 archiepiscopi

284 2358 442 2408 electionem
472 2357 542 2420 regis
571 2356 613 2405 sui
637 2357 701 2406 iuris
731 2372 790 2405 esse
812 2356 958 2417 firmantes,
988 2356 1078 2406 habito
1101 2354 1210 2405 consilio
1232 2343 1320 2428 apud
1340 2344 1409 2406 An·

284 2428 478 2493 demacum²
501 2427 592 2490 curnr
615 2426 823 2491 Bembardoss
839 2426 921 2491 duce
941 2427 1101 2492 Saxoniae
1117 2435 1149 2490 et
1162 2424 1233 2489 aliis
1248 2427 1408 2513 episcopis

284 2522 316 2577 et
344 2508 514 2576 comitibus
543 2521 576 2576 et
602 2509 764 2575 nobilibus
787 2509 947 2596 plurimis,
976 2511 1095 2574 omnini
1117 2523 1279 2573 omnibus
1308 2525 1408 2589 prin-

286 2603 418 2670 cipibus
437 2603 465 2651 in
479 2599 593 2652 Colonia
604 2601 756 2653 habendum
769 2601 903 2668 prefignnt
914 2603 942 2652 in
955 2602 1088 2652 dominica
1098 2601 1178 2653 Oculi
1188 2602 1249 2662 mei,
1264 2609 1408 2654 evocantes

285 2676 381 2727 eodem
401 2682 427 2725 et
447 2674 542 2725 ducem
561 2675 738 2740 Zaringon
755 2675 912 2739 Bertolium‚
926 2692 1004 2742 quem
1019 2669 1109 2726 etiami
1127 2675 1180 2742 ipsi
1193 2673 1409 2728 deliberaverant

208 2773 210 2778 ·
284 2771 377 2821 regem
406 2769 507 2804 creare.
560 2753 602 2804 Ad
624 2767 704 2819 quam
725 2756 826 2805 curiam
847 2770 908 2805 cum
929 2743 1024 2828 pauci
1052 2759 1248 2823 occurrerent,
1276 2753 1308 2807 et
1334 2742 1408 2808 ideo

284 2825 348 2890 tale
369 2825 542 2924 negocium
563 2825 605 2888 ad
626 2825 776 2891 effectum
798 2848 863 2891 non
884 2836 1017 2912 possent
1037 2825 1223 2912 perducere,
1239 2829 1410 2893 nunciatur

286 2911 342 2991 eis,
359 2907 527 2973 omentales
541 2908 743 2974 marchiones
766 2932 841 2975 cum
860 2910 943 2974 duce
964 2910 1126 2975 Saxoniae
1147 2909 1333 2975 Bernhardo
1353 2913 1409 2975 etl

286 2995 543 3079 Magaburgense
565 2993 807 3080 archiepiscopo
830 3005 861 3060 et
879 2994 1012 3059 aliarum
1036 2993 1252 3080 superiorum¹
1266 2996 1409 3082 partium

286 3077 487 3226 princilpibus
501 3076 544 3141 ad
559 3076 745 3143 electionem
761 3081 837 3143 novi
851 3081 936 3164 regis
952 3077 1100 3163 Erspfort
1114 3081 1312 3144 convenisse.
1343 3079 1409 3159 Qui

287 3184 365 3227 mox
419 3163 645 3226 erimannumm
662 3162 946 3228 Monesteriensem
962 3164 1151 3248 episcopum
1171 3171 1203 3226 et
1217 3162 1296 3228 alios
1310 3163 1409 3228 hono-

286 3257 373 3312 ratos
401 3250 487 3311 viros
509 3246 550 3309 ad
572 3246 722 3311 eosdemn
745 3249 801 3332 qui
822 3256 1036 3312 convenerant
1057 3246 1218 3332 principes
1244 3247 1407 3330 miserunt,

286 3339 446 3479 rogantes,
468 3353 509 3394 ne
531 3328 716 3396 absentibus
744 3334 790 3395 cis
819 3331 959 3417 aliquam
990 3329 1178 3395 electionem
1200 3330 1407 3413 celebrarent,

261 3441 264 3447 ’
288 3438 321 3480 se
365 3414 407 3478 ad
427 3413 566 3501 aliquem
588 3415 829 3478 denominatum
850 3414 955 3479 locum
970 3415 1049 3499 ipsis
1071 3425 1281 3486 occurrerent.
1297 3429 1409 3479 electuri

287 3523 347 3558 cum
362 3507 400 3557 eis
412 3505 547 3572 ydoneum
564 3511 591 3556 et
604 3507 714 3571 dignum
725 3506 784 3556 Deo
795 3507 982 3573 imperatorem
997 3511 1024 3556 et
1036 3505 1196 3558 advocatum
1206 3508 1407 3559 aecclesiarum.

286 3653 310 3703 a)
327 3652 397 3692 Teocl.
413 3651 460 3692 131.
478 3650 521 3694 ei.
602 3649 626 3701 b)
648 3653 779 3703 Nnrlnbsrg
800 3653 841 3693 02.
925 3650 947 3704 o)
969 3653 1101 3702 periculosa
1122 3653 1169 3694 Aa.
1255 3651 1278 3704 cl)
1300 3653 1409 3694 ottonem

287 3714 395 3753 comitem
410 3711 513 3750 Pictavis
529 3713 551 3749 st
566 3709 700 3761 Philippum
721 3713 802 3753 ducem
824 3711 908 3752 Suavis
929 3713 980 3753 aad.
1001 3712 1043 3753 02.
1109 3711 1132 3763 s)
1149 3712 1213 3754 Orda.
1237 3712 1290 3752 Osci
1310 3713 1330 3752 A
1343 3723 1408 3762 pros·

287 3771 386 3811 mittant:
410 3769 539 3810 Colossinus
557 3790 583 3799 -
599 3769 711 3820 liunberg.
772 3770 862 3823 odeat
879 3771 920 3820 0¹:
935 3783 962 3812 m.
980 3782 997 3812 s.
1014 3770 1062 3813 XV.
1078 3771 1149 3821 sappi.
1167 3771 1213 3820 θὶς
1247 3773 1409 3812 Bernhardum

288 3831 370 3872 (iucem
385 3840 442 3869 corr.
464 3839 516 3868 cum
531 3829 667 3868 Bernhardo
689 3831 747 3870 duce
763 3831 809 3871 Β1.
879 3828 902 3881 u)
924 3831 1044 3870 Bernsrdo
1070 3830 1119 3881 023
1140 3830 1262 3871 Bernarno
1284 3831 1325 3882 01,
1346 3831 1409 3882 iufra

288 3889 416 3931 Bornsrdo.
497 3885 521 3937 h)
538 3897 684 3929 corsmcorr.
703 3890 790 3929 curiam
810 3889 857 3930 Bl.
939 3888 957 3939 l)
973 3890 1018 3939 ipsi
1034 3890 1103 3929 etiam
1118 3889 1166 3928 Bi.
1249 3888 1274 3941 k)
1291 3892 1346 3930 aaut
1362 3891 1405 3932 02.

287 3947 305 4000 l)
322 3957 458 3998 superorum
474 3947 520 3986 Β1.
539 3947 558 3986 2.
577 3946 619 3987 01.
636 3948 657 3986 2.
725 3946 941 3999 massmannum
957 3948 998 3988 02.
1063 3947 1089 4000 n)
1104 3949 1134 3988 ad
1149 3949 1242 3989 eosdem
1258 3954 1277 3989 et
1291 3951 1410 4001 principer

287 4009 312 4047 ia
327 4009 371 4046 loco
387 4017 439 4046 raso
455 4006 507 4056 13¹3
522 4006 585 4045 viror
601 4007 641 4055 qul
657 4017 723 4050 conv.
739 4008 769 4049 ad
784 4019 806 4057 p.
823 4018 853 4048 m.
871 4009 922 4056 013
938 4007 967 4048 ad
982 4008 1044 4047 viros
1059 4008 1176 4058 principer
1195 4009 1236 4058 qut
1252 4013 1410 4052 convenerant

288 4067 318 4107 ad
334 4066 427 4107 eosdem
443 4066 484 4114 qul
500 4065 614 4106 miserunt
629 4066 670 4108 Οἳ.

293 4221 319 4285 1)
334 4217 458 4279 a.1lav‚·
477 4216 524 4269 scd
541 4215 715 4270 Theodericus
735 4235 760 4268 a.
779 4217 858 4270 1198.
872 4219 980 4278 eiectae·
998 4234 1024 4270 o.
1037 4215 1109 4267 Ana.
1123 4215 1256 4285 Epmund.
1268 4214 1318 4269 SS.
1329 4217 1359 4267 X
1362 4217 1409 4279 vl,

288 4309 316 4358 p.
332 4291 395 4342 471.
409 4292 473 4344 473.
527 4289 556 4356 2)
573 4289 650 4353 Quae
663 4308 688 4343 a.
704 4293 783 4344 119⁷.
795 4292 853 4358 fine
865 4291 971 4357 suctum
987 4307 1049 4356 csse,
1070 4288 1197 4356 opinatis
1217 4289 1408 4355 Wnlelmans,

290 4364 407 4432 ‘Philipp
427 4365 483 4417 tmd
506 4363 563 4417 Otto
582 4365 602 4416 1
606 4364 644 4430 V',
670 4364 726 4418 Vol.
746 4364 771 4431 I,
785 4382 817 4431 p.
838 4366 882 4416 5⁷.
