3122 4978
233 415 421 468 CHRONIOA
440 415 553 468 neem
572 415 824 468 COLONIENSIS.
846 415 948 468 OONT.
960 417 1013 469 III.
1032 417 1064 468 A.
1079 417 1158 467 1205.
1225 415 1276 466 221

536 588 703 641 Recenaio
723 588 749 640 Ι.
768 589 861 640 codd.
882 588 909 640 0.

243 672 306 736 Per
327 672 414 738 idem
434 683 564 759 tempus
586 673 755 761 Philippus
776 697 836 740 rex
858 675 945 739 eirca
965 683 1174 760 pentecosten
1197 674 1387 741 cele-rasso.

157 755 250 821 brem
272 758 396 822 curiam
419 759 532 844 Spirae
554 758 679 840 habuit3
702 759 759 824 ubi
777 757 913 823 Adolfus
936 759 1107 844 episeopus
1127 759 1168 824 de
1184 759 1278 824 Oolo-

157 841 324 906 niensibus
345 842 579 968 qberimoniam
605 842 712 924 facit·,
741 842 827 928 quod
850 842 1001 908 Ottonem
1029 866 1140 928 regem
1168 852 1279 908 contra

158 923 357 990 voluntatem
412 928 482 992 eius
517 936 569 990 et⁶
601 927 776 1013 imperium
810 935 968 1009 tenerent,
1000 927 1152 992 iniustam
1183 929 1280 993 etiam

158 1011 525 1076 excommunicationem
546 1032 651 1096 papae
671 1013 706 1075 in
727 1033 802 1075 eum
830 1012 950 1076 factam
976 1033 1036 1097 per
1063 1011 1218 1076 Sifridum
1249 1023 1281 1077 et

160 1091 427 1160 Cameracensem
463 1097 671 1180 pronuntiare
706 1094 827 1159 ibidem
864 1096 1111 1177 consensissent,
1148 1097 1281 1182 insuper

159 1179 249 1262 ipsos
281 1178 428 1244 foverent
459 1190 491 1243 et
523 1189 736 1265 protegerent.
784 1179 835 1244 Ibi
869 1179 951 1243 Phili
976 1203 1036 1264 pus
1068 1203 1127 1244 rex
1159 1180 1279 1244 iudicio

159 1261 355 1348 principum,
377 1262 495 1327 Adolfo
518 1264 615 1328 etiam
642 1286 715 1328 cum
737 1265 803 1328 suis
829 1202 1022 1350 sequacibus
1044 1287 1118 1328 eum
1146 1276 1280 1350 rogante

159 1355 193 1410 et
220 1346 293 1410 insti
318 1358 405 1429 ante,
429 1347 667 1434 expeditionem
691 1347 845 1413 Coloniae
878 1346 1025 1412 omnibus
1058 1349 1115 1434 qui
1146 1349 1281 1414 aderant

159 1369 362 1516 principibus
398 1433 519 1496 indicit.
579 1432 644 1497 Sed
682 1432 796 1496 eodem
835 1433 869 1495 in
909 1433 1088 1518 pertinacia
1126 1455 1184 1496 sua
1209 1453 1280 1518 per·

158 1527 325 1580 severante
354 1538 395 1580 ne
418 1538 459 1579 ue
489 1516 529 1579 de
558 1517 890 1581 excommunicatione
919 1516 971 1580 vel
998 1515 1148 1580 mandato
1176 1538 1280 1604 papae

160 1607 308 1682 curante,
350 1539 466 1685 prdlati
501 1600 638 1682 iudices,
683 1601 881 1665 convocato*l
920 1602 1070 1665 universo
1107 1600 1192 1665 clero
1230 1612 1279 1666 ete

160 1681 292 1767 populo,
320 1685 354 1748 in
381 1683 433 1749 die
466 1693 649 1748 sanctorum
681 1685 849 1748 martirum
871 1683 1019 1749 Gervasii
1042 1695 1073 1749 et
1100 1685 1384 1750 Prothasiifsums

161 1785 270 1830 coram
293 1769 441 1833 omnibus
463 1770 498 1831 in
525 1769 639 1831 maiori
668 1768 804 1832 ecclesia
833 1780 980 1854 presente
1004 1767 1122 1834 Ottone
1150 1791 1184 1832 re
1209 1781 1281 1834 eet

161 1849 232 1914 aliis
254 1851 416 1917 nobilibus
437 1853 525 1934 viris,
555 1851 595 1916 ab
620 1851 727 1916 officio
750 1861 782 1916 et
803 1852 958 1937 dignitate
987 1853 1162 1938 pontificali
1184 1791 1281 1938 depo-

160 1945 302 2017 suerunt,
332 1947 364 2000 et
390 1947 427 2001 ut
448 1934 545 2000 alium
568 1937 754 2021 episcopum
784 1935 946 2020 eligerent,
975 1936 1154 2020 apostolica
1174 1947 1281 2002 aucto-

160 2019 253 2083 ritate
280 2031 501 2120 preceperunt.
546 2019 601 2085 Sic
629 2042 666 2084 eo
694 2019 851 2107 deposito,
884 2021 1061 2086 secundum
1091 2022 1281 2086 sententiam

160 2103 281 2166 summi
301 2105 463 2190 pontrficis
486 2105 589 2170 clerus
612 2114 643 2168 et
665 2103 803 2191 populus
833 2125 906 2168 cum
928 2103 998 2168 aliis
1020 2103 1182 2170 nobilibus
1203 2106 1281 2169 viris

161 2188 195 2249 in
217 2187 354 2254 ecclesia
375 2188 462 2254 beati
483 2189 571 2253 Petri
600 2190 826 2252 convenientes
848 2189 1032 2254 Brunonem
1053 2189 1281 2254 Bonnensemss

161 2274 361 2357 prepositum
376 2273 576 2338 concorditer
591 2273 765 2358 elegerunt,
780 2274 906 2338 nemine
921 2283 1027 2358 preter
1037 2271 1283 2357 i'dngilbertumh

162 2357 292 2421 maioris
321 2358 435 2422 domus
457 2358 704 2445 prepositumi·¹
729 2367 760 2422 et
783 2355 977 2442 quibusdam
1005 2358 1166 2420 canonicis
1188 2357 1283 2422 Beati

162 2439 261 2522 Petri,
277 2442 347 2505 eius
362 2441 571 2523 fautoribusl,
587 2441 763 2506 reluctante
786 2452 818 2506 ct
839 2463 898 2527 pro
920 2441 981 2505 hac
1002 2440 1220 2526 indignatione
1242 2441 1282 2506 de

161 2523 291 2590 civitate
306 2527 486 2592 recedente.
529 2526 625 2591 Unde
640 2548 718 2590 mox
732 2549 790 2612 per
808 2536 909 2590 totum
925 2527 1033 2612 episco
1058 2538 1147 2591 atum
1162 2547 1282 2590 werrae

161 2605 320 2754 plurimae
335 2622 367 2678 et
381 2633 498 2696 graves
509 2632 568 2697 per
583 2612 691 2697 episco
716 2633 752 2674 os
765 2621 797 2674 et
812 2632 925 2674 eorum
937 2547 1108 2697 complices
1121 2609 1280 2691 oriuntur3

186 2701 244 2755 unt
272 2694 422 2760 incendia
455 2694 584 2780 ubique,
621 2719 678 2781 pre
704 2717 780 2759 ones
809 2705 978 2779 emergunt
1008 2693 1160 2780 undique,
1196 2694 1283 2758 bona

162 2775 371 2844 ecclesiarum
399 2781 583 2866 rapiuntur,
613 2788 719 2844 curtes
752 2801 863 2844 earum
889 2789 923 2843 et
949 2777 1043 2844 villae
1072 2787 1250 2843 exuruntur
1262 2779 1281 2860 ¹,

161 2859 246 2925 fiunt
260 2863 506 2951 depredationes
529 2886 709 2949 pauperum
733 2863 967 2949 oppidanorum
975 2875 1007 2946 ¹¹¹,
1029 2862 1283 2948 expoliationes¹¹

162 2944 335 3012 viduarum
365 2956 397 3013 et
416 2946 623 3034 pupillorum.
667 2947 790 3012 Civitas
812 2948 929 3010 etiam⁰
956 2947 998 3012 ab
1027 2948 1166 3010 inimicis
1189 2948 1286 3011 undi⁴

186 3051 227 3093 ue
256 3033 410 3113 vallatur,
444 3029 522 3095 nulli
554 3032 680 3116 ingredi
705 3029 758 3095 vel
790 3031 900 3114 egredi
933 3029 1053 3096 liberer
1081 3031 1281 3113 conceditur,

162 3050 385 3181 liueiensew
409 3126 549 3180 castrum
564 3117 716 3201 stipatum
738 3114 912 3196 sagittariis
934 3124 966 3178 et
981 3113 1134 3179 militibus
1156 3117 1283 3179 comitis

162 3200 271 3265 Adolfi
293 3202 333 3266 de
348 3201 458 3265 Monte
478 3200 508 3264 ei
528 3199 701 3298 opponitur
723 3208 755 3262 et
775 3197 973 3263 adversatur.
1009 3199 1118 3263 Renus
1135 3200 1282 3284 superius

162 3295 195 3350 et
208 3286 351 3367 inferius,
373 3307 414 3349 ne
429 3282 581 3348 victualia
594 3281 646 3348 vel
664 3283 891 3347 mercimoniar
909 3304 967 3366 per
980 3304 1079 3346 naves
1097 3281 1282 3362 inferantur,

163 3369 322 3434 clauditur
330 3382 349 3413 ⁸·
360 3379 382 3434 ³.
421 3368 475 3434 Sic
496 3368 603 3454 itaque
625 3369 711 3432 cives
733 3366 875 3452 undique
890 3366 994 3447 artati,
1017 3374 1048 3430 et
1062 3367 1203 3429 maxime
1225 3388 1284 3451 per

168 3480 369 3491 ------
526 3511 688 3566 Recessit)
709 3512 752 3564 ΙΙ.
772 3511 866 3563 codd.
888 3510 923 3562 B.

249 3607 301 3657 Per
319 3605 392 3658 idem
406 3614 511 3674 tempus
524 3606 672 3672 Phylippus
689 3621 735 3655 rex
756 3606 829 3655 circa
841 3607 1018 3670 pentecosten
1032 3601 1166 3651 celebrem
1183 3602 1283 3652 aurium

165 3680 259 3748 Spirae
283 3680 391 3744 habuit,
416 3682 463 3730 ubi
486 3679 600 3730 Adolius
628 3680 770 3745 episcopus
797 3678 831 3728 de
856 3675 1062 3727 coloniensibus
1088 3675 1281 3740 querimoniam

162 3755 237 3806 iacit.
275 3753 319 3804 Ibi
336 3754 485 3820 Phylippus
509 3768 556 3802 rex
575 3779 610 3788 -
630 3778 665 3788 -
684 3755 870 3818 preceperunt.
910 3750 955 3800 Sic
983 3765 1014 3799 eo
1036 3748 1166 3815 deposito,
1186 3763 1282 3799 secuu-

164 3827 227 3878 dum
247 3828 414 3878 sentenciam
433 3826 531 3877 summi
550 3824 685 3893 pontificis
698 3826 787 3874 ano
801 3823 952 3874 Buunensis
966 3823 1117 3888 prepositus
1137 3823 1164 3872 in
1178 3823 1283 3889 episco-

112 3908 115 3912 '
163 3917 227 3968 pum
246 3899 364 3966 eligitur.
401 3899 481 3950 Unde
501 3915 561 3950 mox
583 3925 614 3935 -
638 3925 669 3936 ·-
692 3898 828 3948 dimicant.
859 3903 889 3948 ut
907 3895 1034 3947 Reeeasio
1055 3894 1080 3946 Ι.

163 4045 187 4099 a)
204 4046 261 4088 tecit
276 4047 319 4088 02.
380 4042 404 4097 b)
421 4047 470 4085 eius
486 4057 508 4085 v.
525 4044 570 4086 02.
626 4042 648 4096 c)
664 4044 720 4084 asae
736 4045 777 4084 01.
831 4041 855 4094 d)
872 4042 949 4082 iudice
965 4042 1016 4082 add.
1033 4042 1076 4083 01.
1131 4040 1153 4092 e)
1169 4043 1225 4082 deest
1241 4043 1283 4082 02.

162 4105 181 4158 i)
197 4107 299 4147 Protesii
315 4106 365 4146 Bt.
441 4102 465 4154 g)
481 4104 558 4144 Bnnn.
575 4103 617 4142 02.
692 4101 717 4156 h>
732 4102 898 4151 Frigilbertum
915 4102 958 4141 01.
1041 4099 1058 4152 i)
1075 4101 1193 4152 preposito
1210 4101 1284 4141 (11.2.

163 4164 189 4217 ir)
205 4167 329 4207 factoribus
345 4166 389 4208 01.
449 4162 467 4215 1)
482 4163 647 4203 comburuntur
663 4162 690 4204 B.
751 4161 783 4214 m)
801 4166 825 4204 et
840 4173 860 4203 o.
878 4161 926 4202 Bl.
937 4211 975 4220 ἡ
993 4157 1018 4212 n>
1035 4167 1058 4200 et
1072 4160 1226 4210 spoliationes
1242 4161 1284 4200 01.

164 4224 188 4276 o)
203 4227 266 4265 enim
282 4227 327 4266 Οἳ.
416 4221 440 4274 p)
456 4221 530 4262 iibere
549 4227 601 4272 post
622 4223 693 4272 sappi.
713 4222 762 4262 Bi.
860 4218 885 4271 q)
902 4220 1002 4260 'ruiense
1023 4231 1081 4260 corr.
1102 4219 1227 4259 Tuieiense
1243 4219 1285 4269 01,

162 4290 183 4325 st
198 4286 230 4324 ito
245 4285 287 4326 6¹2.
347 4282 368 4334 r)
384 4281 546 4323 mercennaria
561 4283 604 4322 01.
664 4279 685 4333 s)
701 4281 848 4322 concluditur
861 4281 902 4320 01.

167 4413 535 4486 1)C)tcpistot.ap.Fieker
549 4431 579 4480 p.
600 4414 653 4465 310
673 4430 711 4479 sq.
746 4409 787 4480 ·2)
808 4413 903 4465 Docta.
942 4408 1285 4479 ³)cs.00m.11,p.1ro.
