3126 4976
290 460 324 509 64
482 457 670 511 CHRONIOA
689 457 802 509 REGIA
824 456 1063 510 COLONIENSIS
1084 459 1116 510 A.
1139 458 1219 511 1126.

657 631 821 682 Recensio
841 631 866 682 Ι.
885 631 978 683 codd.
999 632 1033 682 A.

287 736 381 824 quasi
412 744 559 822 repentes
591 733 780 810 laborarent,
813 743 903 799 tum⁸
925 736 1048 798 nivium
1081 735 1312 821 magnitudine,
1341 745 1411 800 tum

285 821 473 906 indaginum
505 818 661 882 incisione
693 818 826 903 fatigati,
859 818 1000 883 hostium
1026 819 1151 884 insidiis
1178 843 1220 884 ex
1246 820 1410 905 inproviso

286 905 588 971 circumveniuntur.
632 901 874 968 Obtruncantur
894 902 940 968 ibi
961 902 1106 1050 pleripue
1128 915 1232 970 terrae
1252 902 1410 984 meliores,

285 990 347 1053 viri
373 989 469 1053 fortes
497 996 529 1052 et
555 986 688 1070 nobiles,
716 987 803 1050 domi
830 986 1007 1072 militiaque
1034 988 1121 1052 cari.
1166 986 1293 1069 Quibus
1321 987 1349 1050 si
1377 988 1411 1050 in

285 1071 381 1160 plano
414 1070 642 1157 congrediendi
676 1071 770 1157 eopia
802 1079 895 1153 esset,
928 1070 1084 1156 profecto,
1117 1081 1256 1158 quantae
1286 1071 1410 1135 virtutis

286 1166 401 1238 essent,
429 1157 566 1242 posteris
594 1155 792 1220 innotuisset.
849 1154 976 1220 Cadunt
1008 1165 1117 1220 tamen
1144 1177 1208 1220 non
1238 1164 1274 1219 ut
1299 1155 1412 1240 ignavi

286 1251 342 1306 aut
363 1242 530 1326 fugientes.
574 1238 676 1306 Nemo
698 1239 743 1304 ibi
766 1239 998 1321 averso'vultu,
1022 1241 1110 1324 quod
1124 1240 1251 1324 signum
1267 1238 1411 1324 estfugi-

287 1325 386 1407 entis,
419 1334 467 1388 set
495 1324 629 1388 adverso
657 1324 785 1387 corruit.
840 1323 946 1404 Quem
998 1324 1112 1422 uisque
1138 1322 1242 1387 locum
1271 1322 1410 1388 vivendo

287 1409 434 1496 optinuit,
458 1430 530 1473 eum
554 1406 717 1478 moriendo
739 1429 804 1470 non
826 1408 939 1473 amisit.
1009 1417 1125 1472 ostrum
1148 1418 1270 1492 strages
1292 1428 1410 1492 magna

285 1493 354 1557 fuit.
410 1492 486 1558 Otto
516 1513 653 1578 quoque,
687 1491 779 1555 cuius
811 1513 910 1576 supra
937 1493 1131 1556 mentionem
1156 1492 1299 1569 fecimus,
1328 1494 1410 1555 inter

285 1577 426 1641 hostium
438 1575 595 1640 cadavera
607 1575 837 1640 confertissima
848 1576 1006 1640 exanimis
1021 1586 1164 1662 repertus
1180 1586 1237 1643 est.
1265 1575 1408 1639 Marohio

285 1659 511 1742 Adelbertusb,
545 1661 693 1745 egregiae
725 1659 841 1723 indolis
869 1661 993 1724 iuvenis
1025 1672 1057 1725 et
1086 1659 1242 1739 militaris,
1272 1659 1407 1744 capitur.

287 1745 360 1826 Quo
393 1745 514 1826 audito,
546 1767 605 1808 rex
636 1743 774 1808 atrocior
805 1745 839 1806 in
870 1743 994 1808 hostem
1028 1745 1205 1808 concitatus
1237 1751 1269 1807 et
1297 1753 1332 1807 ut
1357 1742 1408 1807 leo

287 1830 445 1910 efferatus,
467 1850 596 1914 pugnae
619 1851 653 1893 se
675 1838 834 1912 preparat,
858 1829 966 1892 omnia
988 1829 1147 1913 experiri⁰
1167 1827 1288 1893 malens
1334 1849 1408 1892 uam

286 1915 373 1998 turpi
401 1912 478 1998 fuga
507 1911 632 1999 sibique
659 1912 787 1976 insolita
814 1912 879 1976 vite
910 1912 1085 1995 consulere,
1116 1913 1181 1996 etl,
1207 1921 1244 1976 ut
1264 1849 1409 1976 dehuho

286 1999 441 2082 scripturn
464 2008 548 2061 est1:

391 2082 464 2145 Ινθθ
486 2079 535 2146 vel
556 2083 592 2145 in
615 2081 724 2146 clades
740 2089 914 2180 properat,
938 2081 1015 2144 dunt
1037 2082 1168 2166 paedia
1190 2083 1303 2144 turbet.

286 2164 521 2230 Wotheiriousf
542 2187 617 2229 vero
646 2202 685 2212 -
713 2186 788 2228 nam
808 2159 843 2228 rd
869 2185 987 2228 nomen
1014 2173 1082 2228 erat
1108 2165 1137 2229 ei
1166 2165 1221 2249 qui
1243 2164 1409 2228 Boemiam

287 2249 425 2314 obtinuit
447 2289 498 2332 -,
520 2248 630 2315 audita
652 2250 737 2334 regis
761 2249 941 2312 constantia
963 2247 1002 2312 de
1031 2247 1176 2312 adversis
1206 2248 1336 2312 casibus
1364 2247 1411 2310 nil

285 2333 473 2414 tremefacti,
506 2335 648 2418 expavit,
684 2331 845 2419 supplices
882 2332 923 2396 ad
959 2354 1068 2417 regem
1104 2330 1133 2396 le
1156 2340 1226 2396 atos
1262 2330 1409 2396 destinat.

286 2417 432 2481 Tandem
454 2415 612 2480 adductus
635 2438 743 2479 coram
765 2437 852 2500 rege,
875 2417 1095 2502 prosternitur.
1167 2417 1284 2502 enique
1305 2417 1410 2514 gratia

286 2503 372 2586 regis
394 2502 451 2564 vix
472 2495 641 2584 inpetrata,
663 2501 758 2564 homo
780 2500 866 2584 regis
888 2499 1034 2582 efficitur,
1059 2499 1176 2565 amodo
1198 2522 1232 2564 se
1255 2522 1322 2584 regr
1337 2500 1410 2565 sub·

287 2585 390 2649 ditum
411 2594 443 2648 et
463 2583 590 2648 fidelem
612 2585 680 2648 fore
701 2585 881 2649 iuramento
903 2584 1081 2658 confirmat,
1104 2585 1248 2671 captivos
1276 2582 1409 2648 reddere

286 2669 488 2754 repromittit,
511 2669 711 2766 provinciam
733 2669 766 2731 in
789 2667 981 2732 beneficium
996 2669 1125 2754 accipit.
1161 2668 1222 2732 His
1237 2669 1326 2749 actis,
1349 2689 1409 2730 rex

286 2751 460 2901 {limum
484 2752 583 2816 tristis
605 2774 701 2838 super
721 2753 971 2818 fortissimorum
992 2751 1130 2818 militum
1152 2753 1282 2817 interitu
1303 2765 1409 2836 regre-

321 2846 382 2902 tur.

359 2919 431 2984 Rex
452 2918 691 3005 expeditionem
713 2929 821 2985 movet
842 2941 938 3007 super
952 2919 1151 2985 Fridericum
1167 2919 1304 2983 ducem&
1319 2915 1410 2983 Alsa·

288 3004 372 3086 ciae3
401 3012 448 3068 set
474 3025 512 3068 eo
540 3003 575 3066 iu
602 3004 775 3068 munitiora
802 3013 905 3068 terrae
935 3024 1011 3069 suae
1039 3025 1108 3068 sese
1136 3003 1319 3089 recipiente,
1350 3025 1409 3067 rex

286 3087 404 3153 infecto
419 3088 549 3173 negotio
563 3086 656 3152 redit.
731 3087 903 3152 Heinricus
925 3088 993 3151 dux
1008 3087 1175 3151 Baioariae
1196 3098 1229 3152 et
1243 3110 1327 3152 uxor
1342 3088 1409 3151 eius

286 3170 462 3254 Wilfhiltl,
485 3170 551 3236 filia
573 3172 664 3235 ducis
687 3171 854 3236 Saxonum
875 3173 996 3257 Magni,
1020 3170 1176 3235 obierunt.

360 3256 508 3321 Treveris
524 3255 612 3342 apud
628 3255 782 3320 Sanctum
793 3254 990 3319 Eucherium
1005 3256 1163 3340 reperitur
1177 3276 1232 3319 cor
1255 3277 1293 3318 us
1308 3254 1410 3319 sancti

286 3340 429 3406 Mathiae
451 3338 588 3438 apostoli
604 3339 717 3406 subtus
732 3337 832 3405 altare
846 3337 997 3403 Iohannis
1012 3340 1182 3424 baptistae.
1225 3277 1298 3420 duo
1313 3339 1410 3424 digne

286 3423 401 3507 locato,
425 3423 577 3572 dlpmceps
600 3423 641 3488 ab
664 3425 751 3487 omni
773 3421 892 3509 populo
914 3421 1115 3487 Theutonioo
1144 3424 1287 3488 maxima
1315 3423 1411 3488 devo-

286 3510 373 3576 tione
396 3530 433 3573 co
449 3508 520 3575 tur.
1091 3522 1093 3528 '

298 3671 498 3682 m...-

627 3725 791 3776 Recensio
812 3724 853 3776 II.
874 3725 970 3776 codd.
990 3725 1023 3779 B.
1046 3723 1073 3775 0.

362 3829 500 3884 Treverisi
520 3832 591 3900 apud
606 3834 733 3884 Sanctum
747 3835 909 3886 Eucherium
929 3836 1060 3902 reperitur
1079 3851 1174 3903 corpus
1191 3835 1277 3886 sancti
1293 3833 1412 3885 Mathiae

289 3907 406 3974 apostoli
425 3907 518 3958 subtus
538 3907 623 3956 altare
643 3909 761 3957 sancti
781 3907 910 3960 Iohannis
929 3909 1078 3975 baptystae.

330 4003 334 4008 ·
362 3980 506 4030 Heinricus
526 3979 579 4030 dux
598 3981 722 4031 Baioarie
743 3981 818 4032 obiit.

288 4167 481 4222 s)tuncA1.t.
533 4168 557 4222 b)
575 4170 682 4211 Albertus
697 4170 748 4213 Al.
795 4171 816 4224 c)
831 4172 939 4222 experire
955 4171 1009 4221 Δις
1026 4175 1122 4222 experte
1138 4181 1208 4222 quam
1224 4171 1273 4212 Aa.
1325 4168 1348 4222 tl)
1364 4171 1412 4212 vel·

289 4233 315 4270 ut
332 4230 380 4270 Aa
426 4227 449 4280 e)
465 4231 504 4270 Ire
521 4251 546 4260 -
564 4230 641 4270 clades
656 4230 699 4271 des.
716 4231 788 4280 spatio
804 4230 952 4273 vocamen.
999 4229 1239 4283 QWotherlcusrlt.
1286 4228 1310 4282 3)
1327 4230 1412 4270 comi·

290 4293 345 4330 tam
361 4288 718 4339 AlsactoA25AlsantaeA1.
778 4290 802 4341 h)
819 4288 999 4333 Wilt'thltAl.
1031 4305 1060 4326 =
1090 4289 1108 4341 i)
1123 4291 1228 4331 Trevere
1244 4290 1287 4330 01.

292 4456 318 4520 1)
337 4455 440 4508 Lucan.
460 4455 528 4511 Bell.
551 4455 605 4512 tto.
626 4457 672 4521 VJ,
693 4458 754 4512 284.
