3122 4978
190 361 377 414 CHRONIOA
391 362 505 414 REGIA
520 361 773 415 COLONIENSIS.
788 363 891 416 CONT.
902 365 956 417 111.
969 368 1001 417 Δ.
1014 364 1094 415 1200.
1107 363 1185 416 1204.
1219 363 1272 414 21⁶

553 527 721 588 Recensio
741 535 765 587 Ι.
785 543 816 588 et
833 535 876 587 II.

151 622 291 686 iusticia
312 629 447 687 nostro¹¹
473 621 658 687 ministerio
688 624 796 707 dipua
825 621 947 687 ultione
964 625 1131 707 percussit
1153 633 1191 706 et,
1213 645 1270 687 en·
1283 650 1351 692 snos.

145 705 257 792 pulsis
279 706 464 771 bominibus
485 704 592 768 Deum
616 707 799 770 odientibus
821 706 870 768 eth
893 707 1080 771 amantibus
1103 729 1179 788 sese,
1208 717 1271 772 ter-

151 812 227 854 ram
248 791 340 854 nobis
366 789 457 854 dedit
485 791 628 854 omnium
655 790 812 854 bonorum
839 792 945 875 copiis
976 790 1171 876 affluentem,
1190 790 1272 875 fru-

151 883 267 956 mento,
280 875 357 938 vino
369 884 398 938 et
409 873 476 938 oleo
488 873 676 955 stabilitam,
682 874 855 959 fructibus
866 874 1062 959 opulentam,
1075 877 1272 957 nemoribus,

152 960 249 1042 equis
278 968 307 1020 et
325 959 468 1043 pascuis
490 959 681 1040 speciosam,
704 960 911 1042 spaciosam⁰
934 959 980 1024 od
1000 961 1208 1042 manendum,
1243 969 1273 1023 et

94 1041 98 1046 ’
153 1044 210 1106 cui
231 1041 369 1106 similem
391 1064 457 1106 non
480 1043 621 1106 continet
644 1043 730 1106 orbis
757 1065 832 1107 aere
859 1052 1081 1127 temperatam.
1125 1043 1192 1108 Sed
1213 1067 1272 1108 neo

150 1127 189 1189 in
213 1126 265 1189 bis
286 1126 454 1190 desiderio
477 1135 590 1189 nostra
613 1127 803 1207 subsistunt,
832 1150 890 1191 nec
918 1128 958 1192 ab
981 1129 1126 1191 bumeris
1149 1128 1272 1192 nostris

151 1210 382 1274 sustinebimus
403 1208 557 1273 vassilium
578 1209 688 1295 repule
709 1211 840 1294 deponi,
869 1212 980 1292 donec,
1008 1221 1100 1275 terro
1120 1213 1198 1295 ipsa
1219 1214 1271 1276 ire-

152 1294 262 1358 colutu
284 1293 431 1358 stabilito
453 1303 649 1374 nostrorum,
668 1304 783 1379 portes
805 1294 977 1359 debeamus
999 1297 1139 1360 inuisere
1160 1304 1271 1360 trous·

151 1380 305 1442 mammos
326 1387 356 1442 et
378 1378 477 1442 dante
492 1378 562 1442 Deo
573 1380 784 1463 propositum
798 1401 879 1463 pere
903 1381 1084 1444 rinationis
1106 1377 1269 1463 euple-0⁴¹.

153 1460 335 1547 Speremus
357 1464 444 1526 enim
465 1464 503 1526 in
524 1463 656 1526 domino
680 1464 788 1544 Ibesu,
812 1403 909 1549 quod,
933 1465 990 1564 qui
1011 1465 1097 1548 cepit
1118 1465 1156 1527 in
1178 1464 1271 1528 nobis

154 1567 238 1630 opus
259 1546 376 1611 bonum
399 1545 445 1610 od
464 1545 595 1611 laudem
616 1557 646 1611 et
667 1546 830 1633 ploriam⁰
852 1549 997 1611 nomenis
1024 1549 1087 1629 sui,
1120 1548 1271 1613 inimico·

152 1653 227 1694 rum
257 1632 366 1694 crucis
393 1631 631 1694 decessionem
655 1641 852 1715 perpetuam
874 1631 1034 1716 perficiet,
1067 1631 1274 1714 confimnabit

154 1713 379 1799 solidabitque.
426 1653 656 1780 delusionem
683 1717 788 1801 ipitur
814 1725 954 1780 oestrum
971 1717 1176 1799 propensius
1198 1737 1273 1780 euo-

153 1821 268 1862 ramus
289 1801 327 1862 in
349 1799 504 1878 Domino,
526 1806 562 1861 ut
583 1798 710 1883 ploriae
734 1799 833 1863 buius
857 1809 952 1884 atque
973 1800 1130 1863 uictoriae
1152 1810 1182 1864 et
1202 1800 1275 1884 spei

153 1891 363 1967 preoptatoc,
400 1884 496 1946 cuius
529 1882 667 1946 bostium
699 1905 857 1968 mopuum
889 1881 1004 1947 nobis¹
1033 1892 1184 1966 apertum
1216 1893 1273 1965 est,

154 1965 261 2031 uelitis
282 1988 348 2031 esse
360 1967 555 2052 participes.
602 1965 698 2039 Quod
721 1966 778 2029 abs
800 1989 840 2030 ue
862 1965 932 2030 ulla
954 1966 1043 2031 uobis
1065 1967 1275 2032 dubitacione

154 2053 334 2136 continpet,
357 2052 388 2114 si
408 2061 515 2114 terrae
534 2059 682 2114 restruet
711 1989 833 2115 nobiles
865 2060 894 2114 et
924 2050 1083 2136 ipnobiles
1104 2050 1276 2116 cuiuslibet

154 2135 353 2199 conditionis
376 2144 434 2198 aut
455 2156 553 2197 sescus
575 2134 694 2199 eisdem
719 2135 893 2199 desideriis
915 2157 1067 2199 accensos
1090 2136 1135 2199 od
1155 2135 1274 2200 verus¹¹

154 2221 383 2304 inmensusque
421 2219 558 2282 divitius
588 2219 826 2303 capessendos,
862 2218 1054 2302 temporales
1082 2221 1274 2303 peniteret

155 2305 311 2384 corcani,
350 2326 415 2367 non
456 2301 558 2366 solum
593 2305 761 2386 permissa
791 2303 943 2382 licentio,
980 2303 1037 2366 sed
1069 2303 1274 2368 salutaribus

153 2389 286 2452 monitis
309 2387 507 2450 accendatis.
558 2386 725 2451 Universis
755 2389 840 2451 euim
867 2387 966 2451 dante
986 2387 1057 2450 Deo
1080 2387 1274 2471 sufficimus,

155 2494 235 2558 quos
256 2472 349 2536 nobis
370 2471 573 2535 cbristiunae
594 2471 764 2557 relipionis
785 2470 871 2535 zelus
894 2471 1082 2552 adduceret,
1104 2473 1275 2536 universos

155 2555 303 2620 uolumus
326 2554 423 2620 simul
450 2563 479 2617 et
501 2577 677 2640 possumus
698 2557 878 2620 secundum
906 2564 1010 2619 status
1032 2579 1109 2620 suos
1129 2557 1274 2619 varietu-

156 2650 280 2725 temque
302 2639 466 2704 natalium
496 2649 524 2702 et
552 2662 672 2723 crepere
701 2640 829 2704 diuitiis
851 2649 880 2702 et
901 2640 1077 2704 bonoribus
1100 2639 1274 2724 ampliare.

240 2725 318 2788 Item
336 2723 427 2808 ipsok
444 2734 546 2786 anno¹
563 2722 747 2786 Tidericus¹
762 2744 869 2787 comes
881 2721 1072 2788 Hollandiae
1087 2725 1229 2804 moritur,
1243 2731 1276 2788 et

157 2807 293 2872 traditur
313 2807 507 2893 provinciam
531 2807 639 2871 comiti
654 2806 694 2870 de
710 2807 779 2870 L0²
802 2829 877 2870 cum
892 2806 957 2871 filia
978 2829 1045 2872 sua.
1085 2806 1182 2887 Quod
1203 2829 1276 2891 gra·

155 2891 240 2956 viter
267 2891 371 2956 ferens
389 2890 580 2955 Wilhelmus
589 2904 613 2966 ¹¹,
642 2890 740 2954 frater
769 2892 852 2974 eius,
882 2893 1086 2976 congregatis
1108 2889 1274 2973 militibus,

155 2975 293 3040 eundem
308 2976 457 3040 comitem
473 2974 513 3038 de
530 2973 701 3038 Hellandia
715 2973 839 3061 expulit
854 2983 885 3039 et
898 2973 996 3038 filiam
1011 2975 1118 3040 fratris
1133 2973 1274 3040 abstulit.

531 3080 696 3135 Recensio
715 3082 740 3136 1.
760 3083 852 3134 codd.
873 3081 902 3133 0.

385 3168 480 3231 Anno
503 3166 682 3232 dominicae
705 3168 933 3232 incarnationis
958 3168 1050 3232 1204.

242 3253 357 3318 Oirea⁰
379 3250 543 3317 Kalendas
565 3250 686 3337 Aprilis
707 3254 798 3316 visus
825 3261 874 3316 est
894 3255 953 3336 per
973 3261 1037 3316 tres
1059 3259 1169 3315 noctes
1191 3249 1276 3348 ignis

158 3339 339 3403 discurrere
354 3359 413 3422 per
426 3345 529 3401 totum
545 3334 658 3416 celum,
680 3336 726 3398 its
746 3346 782 3400 ut
802 3343 870 3399 toto
891 3335 980 3419 regio
1002 3333 1044 3397 ab
1065 3355 1103 3398 eo
1117 3331 1276 3398 illumma-

155 3431 251 3486 retur.
338 3422 401 3485 Per
422 3420 508 3483 idem
529 3429 658 3504 tempus
680 3417 849 3505 Philippus
871 3418 939 3482 dux
962 3418 1101 3483 Sueviae
1124 3439 1198 3480 cum
1221 3439 1277 3482 ex-

155 3507 258 3572 ercitu
294 3505 470 3570 Saxoniam
512 3503 659 3584 intravit,
693 3511 730 3567 ut
761 3513 901 3567 castrum
942 3500 1105 3588 quoddam
1146 3501 1277 3566 nomine

156 3613 360 3626 ψ’.
521 3628 684 3682 Recensio
704 3628 745 3680 ΙΙ.
766 3629 856 3681 codd.
875 3629 911 3682 B.

494 3717 522 3779 l.
567 3715 661 3779 Anno
683 3715 818 3778 Domini
843 3714 935 3782 1204.

240 3807 388 3875 Phylippus
412 3822 473 3858 rex
498 3821 558 3858 eum
578 3833 612 3844 -
635 3833 669 3842 -
691 3805 759 3858 meis
778 3821 908 3876 pugnare.
939 3811 968 3856 ut
985 3803 1112 3856 Recensio
1131 3801 1157 3858 1.

151 3976 178 4030 ι)
194 3981 319 4026 nostroque
335 3987 365 4017 m.
383 3976 404 4015 (1.
420 3987 442 4016 u.
459 3976 576 4025 percussis
592 3975 619 4028 (ι.
636 3974 730 4024 ccorr.)
740 3974 767 4014 B.
805 3971 829 4022 b)
845 3977 868 4014 et
883 3983 905 4012 ι.
922 3984 941 4015 s.
959 3973 1002 4014 des.
1022 3973 1048 4014 B.
1079 3969 1101 4024 e>
1112 3976 1135 4014 et
1149 3981 1212 4022 spec.
1230 3970 1278 4021 023

155 4037 185 4076 sd
200 4047 231 4077 m.
247 4046 310 4086 spec.
326 4035 352 4076 B.
414 4032 438 4086 d)
454 4035 552 4084 implere
566 4034 592 4075 B.
653 4032 675 4084 e)
691 4034 803 4073 honorem
818 4032 847 4072 B.
908 4031 1000 4084 odiost
1016 4033 1060 4074 08.
1122 4028 1146 4082 g)
1162 4031 1218 4070 deest
1233 4029 1277 4072 01.

155 4096 180 4146 h)
197 4100 287 4136 nostres
303 4095 362 4136 codd.
423 4092 441 4144 1)
458 4093 575 4134 eternsB.
627 4091 652 4142 k)
670 4093 757 4132 Eodem
773 4091 888 4132 anneot.
934 4088 952 4141 1)
969 4089 1157 4142 Tydertcus013
1174 4088 1278 4129 Theode·

6 4119 15 4182 l
155 4154 274 4195 rieusBl.
319 4150 351 4202 m)
366 4153 464 4193 traditur
480 4153 558 4192 comni
574 4152 603 4191 de
612 4151 645 4191 Lo
661 4151 783 4202 provtncis
793 4149 821 4192 B.
865 4147 890 4200 n)
899 4149 1058 4190 winemaro
1066 4153 1085 4190 1.
1117 4147 1281 4200 o)tto01.t;

154 4214 181 4253 in
196 4224 264 4262 moro.
281 4213 346 4262 inser.
362 4221 430 4252 manu
444 4222 498 4252 sace.
516 4211 581 4250 XIII.
596 4215 646 4260 post
661 4210 731 4260 suppl.
749 4209 802 4259 Bl;
830 4209 855 4248 in
865 4209 911 4259 fine
927 4209 983 4248 aaut
999 4208 1064 4249 isos.
1080 4207 1119 4247 ΒΞ
1136 4211 1155 4247 ct
1171 4206 1210 4246 or.

165 4364 195 4432 1)
214 4365 292 4416 Anno
313 4365 392 4426 1204,
411 4363 491 4417 Febr.
511 4366 536 4417 4.
612 4364 641 4430 2)
661 4362 813 4416 Ludouico.
