3102 4978
402 456 588 510 cunamen
612 456 725 508 REGIA
749 455 1003 508 COLONIENSIS.
1224 457 1264 508 xl

142 634 330 714 perseveret
350 621 563 771 periculum&
606 622 780 688 Auctorem
804 621 957 688 Coloniae
985 624 1115 704 ciuisse,
1145 624 1264 708 ubique

141 720 252 797 patet,·
275 711 352 775 ibic
378 717 471 773 artas
486 716 515 772 et
529 707 684 792 epistolas
706 707 784 771 illas
805 708 950 789 irruerit,⁸
975 709 1114 793 quaein
1136 707 1214 772 urbe
1236 717 1265 770 et

144 797 266 860 uicinis
289 795 396 874 terris,
412 792 613 873 Auso-mcci,
628 792 677 856 Ile
700 792 837 877 iomaqi,
859 790 973 871 Xanti,
996 791 1090 875 apud
1100 791 1264 873 hhisoues,

143 881 182 944 iu
203 880 344 944 dioecesi
366 875 572 941 Atrebatensi
599 815 807 962 acciderunt,
831 877 926 940 etiam
950 875 1086 955 leuiora,
1115 877 1263 940 inunda-

143 966 248 1028 tiones
269 984 444 1046 aquarum,
464 959 629 1025 miracula
648 969 818 1046 patrata²,
839 962 921 1045 pari
938 958 1113 1045 diliqentia
1129 983 1168 1024 ac
1183 959 1264 1024 hello

144 1049 181 1112 in
204 1047 307 1111 Italia
329 1054 358 1110 et
385 1045 514 1110 Oriente
536 1054 628 1130 qesta
656 1046 694 1108 in
722 1044 861 1108 annales
889 1043 1007 1108 retulit.
1051 1044 1265 1109 Mouasterio·

145 1154 221 1196 rum
244 1153 322 1195 aero
344 1151 509 1216 nusquam
531 1131 649 1193 mentio
663 1128 715 1211 fit.
737 1171 739 1174 -
762 1125 873 1202 Quare
896 1131 1091 1193 canonicum
1114 1128 1266 1194 ecclesiae

145 1214 348 1280 cathedralis
371 1222 534 1278 auctorem
557 1213 666 1276 haheo.
702 1211 816 1298 Neque
837 1234 912 1278 uero
936 1212 974 1277 de
987 1213 1186 1277 Burchardo
1208 1211 1264 1278 illo

112 1371 115 1378 ,
146 1301 369 1386 coqitaoerim,
397 1301 492 1363 cuius
519 1297 689 1382 epistolam
717 1298 757 1361 de
783 1297 913 1362 cncidio
940 1296 1183 1361 Mediolanensi
1209 1318 1264 1360 ecc·

146 1386 304 1470 scriptam
325 1383 504 1462 uidemusss,
535 1383 593 1468 qui
614 1403 646 1445 se
668 1380 796 1466 quidem
817 1381 869 1444 ‘B.
895 1379 1096 1448 Coloniensis
1120 1381 1264 1465 porfiro-

145 1472 292 1554 qenitum
326 1475 355 1531 et
376 1467 587 1552 primitivam
607 1464 730 1547 filium’
761 1467 922 1530 inusitato
952 1462 1045 1529 titulo
1078 1465 1174 1546 dicit,
1209 1465 1266 1529 sed

146 1552 300 1616 notarius
321 1551 531 1635 imperatoris
542 1550 629 1634 fuit,
651 1550 761 1636 ipsum
777 1550 904 1614 diutius
915 1558 1120 1636 prosecutus,
1139 1557 1265 1633 postea,

146 1647 183 1700 ut
204 1637 344 1718 uidetur,
379 1635 418 1699 ab
446 1658 481 1699 eo
513 1635 558 1698 ad
580 1633 783 1699 Saladinum
809 1636 929 1698 missus
958 1643 1013 1715 est,
1043 1633 1266 1701 vicedominus
1337 1659 1343 1670 ·

147 1719 419 1805 Strashurqensis
430 1718 582 1804 factus⁴,
612 1719 661 1782 ita
688 1728 724 1782 ut
746 1740 818 1782 eum
842 1717 996 1783 Coloniae
1017 1717 1143 1802 deqisse
1164 1727 1194 1782 et
1214 1740 1266 1782 res

146 1803 320 1886 usfemoris
336 1803 536 1868 Germaniae
557 1804 730 1866 memoriae
751 1803 931 1867 tradidisse
952 1805 1010 1866 aiu
1025 1804 1128 1866 statui
1148 1803 1265 1886 possit.

146 1889 259 1972 Neque
273 1889 538 1972 archiepiscopos
549 1886 767 1968 Rainaldum,
791 1889 887 1953 cuius
906 1886 1021 1951 laudes
1041 1895 1156 1951 auctor
1170 1885 1265 1951 oaldc

147 1972 294 2053 celebrat,
316 1995 374 2036 uec
387 1971 581 2056 Philippum
597 1972 690 2054 operi
712 1994 829 2035 ansam
852 1971 1001 2035 dedisse⁵
1023 1966 1072 2034 uel
1094 1974 1266 2037 materiam

147 2058 387 2142 suppeditasse,
421 2054 596 2120 verisimile
629 2063 684 2136 est,
721 2077 794 2118 curn
824 2055 911 2120 alias
933 2054 1043 2119 reruni
1070 2056 1263 2140 prasiorum

148 2143 268 2205 notitia
297 2150 433 2204 auctor⁶
455 2142 513 2204 oisc
534 2142 584 2204 ita
605 2140 777 2204 destitutus
798 2149 888 2221 esset,
910 2148 946 2203 ut
972 2142 1044 2221 ipse
1061 2139 1196 2223 fatetur
1216 2141 1266 2204 rel

147 2225 237 2289 breui
271 2234 300 2288 et
335 2225 452 2290 ieiuna
487 2225 683 2289 narratione
718 2225 857 2288 indicat.
898 2260 935 2270 —-
970 2221 1041 2296 'Qui
1079 2223 1266 2310 cataloqum

148 2310 470 2395 archiepiscoporum
516 2307 756 2373 Coloniensium
798 2306 954 2392 Philippo
1006 2306 1132 2371 sedente
1183 2330 1264 2372 corn-

143 2395 258 2479 posuit
285 2394 441 2457 chronica
474 2393 536 2457 hac
569 2414 649 2455 usus
678 2401 760 2474 est⁷,·
792 2391 896 2458 multa
926 2413 1001 2456 uero
1031 2391 1125 2454 hahet
1153 2393 1194 2457 ab
1228 2416 1266 2457 ea

141 2499 287 2578 prorsus
313 2475 435 2558 aliena,
463 2486 499 2541 ut
520 2478 560 2542 de
588 2477 697 2541 eodem
727 2487 858 2543 auctore
885 2475 974 2541 nullo
1002 2477 1097 2541 modo
1126 2478 1268 2562 coqitari

142 2570 372 2710 Pomhaeculo
384 2644 459 2709 XII.
481 2655 629 2730 oerqente
651 2644 732 2710 liber
749 2647 865 2729 prima
888 2654 1005 2710 auctus
1027 2654 1073 2708 est
1094 2645 1267 2710 continua·

146 2731 243 2795 tione.
290 2728 382 2803 Quae
404 2730 444 2794 dc
465 2730 637 2794 schismate
660 2752 691 2794 a.
718 2728 916 2793 1176.1177.
938 2731 1043 2814 sopito
1065 2728 1266 2814 efferuntur,

146 2814 296 2898 quamuis
318 2817 517 2898 cumprime
533 2823 634 2898 parte
649 2836 716 2878 non
732 2823 921 2899 puqnena,
935 2822 1109 2896 praetereo
1130 2813 1244 2898 sinqul

148 2995 176 3062 1)
200 2993 276 3047 Haec
307 2995 388 3046 ctiam
416 3012 441 3046 a.
470 2996 551 3045 1170.
582 2995 662 3047 scribi
688 2994 817 3061 potuisse,
848 3009 902 3044 non
935 2998 971 3044 est
1002 2993 1074 3058 quod
1105 3010 1267 3047 moneamus.

147 3067 177 3132 2)
198 3066 239 3134 CJ.
269 3086 294 3119 a.
317 3068 396 3118 1170.
424 3069 504 3120 1172.
534 3070 614 3120 1174.
640 3097 674 3106 -
701 3069 742 3120 De
761 3074 914 3120 sauctorum
938 3066 1058 3132 reliquiis
1083 3064 1218 3118 Cbhrniam
1244 3075 1268 3120 ct

145 3143 263 3194 Bannae
289 3139 426 3192 translatis
451 3160 477 3193 o.
499 3159 524 3192 a.
549 3143 627 3194 1164.
651 3143 728 3194 1166,
811 3140 841 3206 3)
868 3140 965 3192 Verba:
991 3140 1060 3191 adeo
1085 3147 1115 3191 ut
1140 3156 1197 3204 nos,
1222 3143 1268 3207 qui

145 3218 221 3267 iuxta
240 3214 336 3266 solium
357 3214 448 3265 domni
476 3215 643 3282 imperatoris
663 3231 776 3278 eramus,
803 3215 905 3266 ruinam
930 3214 1071 3264 machinae
1090 3215 1168 3265 veriti
1187 3230 1266 3266 excu-

145 3296 262 3342 teremus
281 3305 314 3340 ex
334 3288 446 3353 epistola
464 3287 600 3353 descripta
623 3286 653 3338 id
667 3288 784 3352 probare
811 3292 962 3352 nequeunt,·
987 3290 1051 3337 uam
1077 3287 1166 3339 eodem
1190 3288 1266 3339 modo

147 3362 315 3414 continuator
335 3379 361 3412 a.
383 3359 462 3413 1218.
482 3379 546 3427 sqq,
572 3358 619 3412 uhi
641 3359 741 3413 Oliueri
764 3359 890 3426 epistolae
914 3360 1053 3410 materiam
1073 3361 1267 3426 praebuerunt,

145 3435 253 3502 saepius
272 3451 320 3486 nos
340 3434 457 3498 retinnit,
477 3435 598 3500 quamvis
612 3433 673 3486 aliis
687 3432 766 3486 locis:
787 3433 890 3496 fideles,
912 3433 1049 3484 christiani
1063 3440 1107 3485 etc.
1123 3432 1266 3499 scripserit.

147 3509 240 3575 Neque
258 3507 429 3570 Barcharclo,
456 3507 624 3575 imperatoris
644 3508 758 3571 notario,
783 3507 865 3559 verba
888 3504 1026 3557 tribuerim
1045 3524 1071 3558 a.
1093 3506 1179 3556 11118.Ι
1209 3508 1267 3558 Nec

145 3599 209 3634 vero
229 3584 319 3632 omnia
338 3598 408 3648 quse
436 3583 464 3631 in
482 3583 532 3633 ille
550 3583 690 3634 obsidione
715 3587 793 3648 gesta
813 3585 875 3632 sunt
895 3579 1072 3630 describenda
1091 3581 1267 3647 suscepimus,

146 3658 210 3723 quie
223 3672 274 3706 uec
287 3662 394 3706 nostrae
409 3663 506 3707 cuncta
516 3662 609 3722 petent
623 3657 780 3723 cognitioni,
794 3655 919 3720 quoniam
934 3655 979 3718 qui
992 3654 1099 3719 singula
1113 3654 1266 3706 describere

145 3729 230 3781 vellet
248 3729 355 3780 modum
370 3728 472 3793 Regino
487 3730 618 3781 Cronicee
638 3730 788 3790 excederet,
809 3727 874 3778 licet
887 3743 903 3778 1
916 3727 1050 3778 nonnullis
1066 3728 1134 3779 hsec
1147 3727 1266 3780 studiose

145 3804 296 3869 perscripta
315 3803 476 3854 noverimus.
560 3802 589 3869 4)
617 3803 646 3855 V.
663 3800 915 3865 Wotteuhach‚GQ.
937 3800 979 3863 II,
994 3817 1027 3865 p.
1048 3802 1111 3853 339.
1151 3801 1216 3852 Cum
1236 3818 1265 3853 eo

137 3875 249 3944 faciunt
268 3873 380 3926 Platner
395 3891 424 3940 p.
444 3889 527 3929 XXVI.
548 3885 571 3927 et
592 3874 741 3940 Cardenus,
764 3893 793 3941 p.
814 3887 887 3929 exn.
925 3873 979 3925 Sed
999 3873 1076 3926 aliter
1100 3875 1179 3926 sentit
1196 3873 1266 3926 Leh-

145 3965 227 4000 mann
244 3966 273 4014 p.
293 3948 339 3997 49.
414 3945 444 4015 δ)
467 3948 496 4000 V.
506 3965 576 4016 quae
595 3957 687 4000 contra
706 3949 774 4000 hunc
791 3948 823 4001 K.
834 3946 934 4000 Pertuii
952 3949 1109 3999 senteutiam
1127 3947 1267 4000 Lehmann

140 4040 171 4088 p.
191 4023 227 4072 46
247 4039 302 4087 sqq.
317 4020 426 4073 usonuit.
502 4021 531 4088 6)
552 4021 592 4087 Cf.
606 4021 734 4074 111681
754 4023 802 4073 sed
817 4021 905 4089 quelis
924 4022 1024 4087 legatio
1040 4022 1121 4072 suerit
1134 4019 1268 4087 (Philippi

146 4104 171 4148 ct
191 4095 318 4160 oliorum)
338 4100 426 4161 preter
445 4111 491 4147 eos
512 4103 538 4146 et
557 4112 648 4162 regem
669 4096 754 4147 lesuin
793 4093 835 4161 Cf.
848 4093 988 4145 Lehmann
1005 4111 1033 4159 p.
1053 4095 1097 4146 48.
1174 4096 1202 4162 7)
1222 4094 1267 4145 Ita

146 4176 214 4220 recte
226 4167 377 4231 Ourdauns,
398 4164 447 4218 SS.
462 4169 566 4232 XXIV,
580 4187 611 4236 p.
632 4170 696 4230 338,
716 4170 835 4234 statuit„
855 4167 951 4219 Pauca
969 4184 1031 4219 cero
1051 4169 1133 4220 uerba
1151 4167 1184 4220 de
1204 4167 1266 4218 Fri·

146 4240 235 4294 derico
261 4241 458 4307 archiepiscopo
485 4241 584 4308 scripta
603 4259 671 4308 quae
701 4257 759 4293 erem
786 4241 906 4294 secunda
930 4241 1080 4294 recensione
1108 4239 1267 4292 conueniunt

147 4313 256 4367 aliunde
280 4322 367 4366 sumta
395 4330 449 4368 esre
464 4315 595 4381 putarim.
671 4315 700 4382 8)
722 4313 760 4382 tJ.
779 4315 862 4368 uerba
880 4331 906 4366 a.
927 4315 1014 4365 1176:
1041 4316 1200 4366 ammonitus
1218 4329 1267 4380 per

146 4390 201 4440 Dei
219 4388 429 4441 misericordium
447 4390 559 4442 domnus
574 4392 719 4458 imperator
733 4391 857 4440 iusticias
871 4387 969 4440 cedere
984 4404 1042 4438 cum
1054 4386 1088 4440 iis
1101 4403 1169 4454 quae
1181 4403 1266 4452 supra

142 4460 420 4530 punam&
