2988 5058
312 373 365 424 352
484 371 633 424 GOSVINI
653 370 702 420 DE
723 370 879 421 EXPUGN.
901 368 1083 421 sectores
1104 368 1264 432 OARMEN.

397 539 507 604 Turba
528 537 650 620 favent,
683 536 827 602 homines
855 535 978 600 salvere
999 534 1110 602 volens
1132 534 1223 602 Deus
1245 557 1394 615 omnem

460 623 597 686 innovat
618 622 749 706 entique
770 623 797 684 si
843 643 862 684 a
884 641 1023 705 suosque
1045 621 1147 683 iuvat.

400 706 548 773 Crastina
569 726 643 769 cum
666 706 774 769 visure
795 643 864 770 dies
885 725 1029 791 pugnam
1051 706 1142 785 foret,
1167 725 1278 767 omnes

315 807 369 856 130
461 787 685 875 Conspicimus
707 792 811 854 socios
833 799 865 854 et
886 811 1092 853 numeramus
1115 810 1225 874 equos.

398 875 563 939 innumeri
584 873 717 959 pedites,
740 874 855 938 muniti
876 871 1010 954 viribus,
1033 871 1131 936 armis

463 958 605 1038 Adsunt,
628 957 685 1022 sed
707 967 834 1022 eentum
857 959 913 1022 vix
936 966 984 1021 ter
1006 955 1160 1020 habemus
1183 977 1294 1042 equos.

399 1043 451 1106 Ex
473 1043 638 1128 inproviso
662 1042 827 1127 quingenti
849 1055 942 1106 nocte
965 1040 1025 1105 sub
1047 1041 1120 1127 ipsa

461 1126 570 1191 Dante
591 1125 664 1189 Deo
686 1135 834 1211 repetunt
856 1148 914 1190 nos
936 1126 1060 1210 equites
1083 1135 1114 1188 et
1136 1125 1220 1210 equi.

318 1226 369 1275 135
397 1210 525 1275 Aurora
546 1219 608 1292 est3
631 1211 765 1295 equites,
788 1212 891 1276 tenuit
913 1231 994 1297 quos
1016 1207 1140 1293 spicula
1160 1219 1280 1290 nostra,

462 1292 598 1358 Paulum
620 1293 815 1379 procedunt,
837 1295 961 1359 hostico
983 1303 1088 1358 castre
1109 1302 1229 1357 notant.

400 1378 502 1443 Tecta
523 1379 582 1442 sub
604 1376 694 1442 hoste
715 1377 793 1443 latet
812 1378 922 1460 tellus3
945 1379 986 1443 ed
1008 1377 1114 1442 sidera
1136 1376 1255 1440 clamor

466 1460 610 1544 Tollitur,
633 1472 665 1526 et
686 1460 818 1548 clangor
839 1463 981 1550 undique
1004 1461 1102 1525 corda
1123 1470 1239 1525 movet.

403 1547 474 1612 Con
496 1567 602 1609 ressus
625 1545 674 1626 fin
697 1548 847 1634 utrinque
870 1568 964 1611 cruor
981 1545 1065 1627 fluit3
1088 1568 1129 1612 en
1152 1543 1232 1610 male
1253 1548 1389 1611 nostris

466 1570 634 1712 {nocedim
656 1629 801 1714 fugiunt,
823 1632 942 1717 impius
965 1630 1064 1695 hostis
1086 1630 1186 1694 adest.

402 1715 520 1780 Noster
541 1735 638 1798 eques
661 1715 753 1797 cedit,
776 1736 833 1778 sua
854 1715 954 1780 nudat
976 1723 1116 1801 pectora,
1138 1715 1242 1777 munit

465 1798 617 1879 Dorsum,
639 1809 744 1862 castre
766 1799 861 1880 subit,
885 1809 917 1864 et
937 1799 1026 1866 venit
1047 1798 1147 1862 hostis
1170 1819 1216 1863 e0.

320 1645 372 1694 140

402 1917 546 1992 §cendit
567 1940 666 2004 equos
689 1927 782 1984 nocte
798 1919 853 2006 qui
867 1928 999 1984 venerat
1012 1919 1140 2004 hospes,
1162 1917 1203 1981 ad
1224 1927 1314 1983 estre

464 2003 529 2066 Res
554 2003 619 2083 icit,
642 2001 803 2087 inplorant
825 2002 1064 2089 Omnipotentis
1088 2024 1190 2088 opem.

321 2103 373 2152 145
401 2088 505 2151 Astris
527 2023 664 2150 llicidius
688 2087 772 2172 quod
796 2085 941 2174 splendet
962 2089 996 2150 in
1018 2110 1090 2152 aere
1113 2088 1241 2171 signum

467 2171 527 2235 Est
550 2172 668 2252 crucis3
690 2171 723 2234 id
746 2181 890 2236 nostrum
912 2171 1053 2257 plurima
1073 2171 1168 2236 turba
1190 2169 1314 2238 vident.

403 2257 494 2320 Mens
516 2253 599 2319 redit
620 2254 681 2320 hoc
702 2255 771 2319 viso
793 2257 924 2339 nostris;
947 2279 988 2320 en
1008 2267 1118 2320 noster
1137 2255 1171 2318 in
1193 2253 1304 2319 hostes

468 2339 558 2404 Sevit
579 2360 686 2424 eques,
708 2341 827 2421 sternit,
851 2339 979 2426 effugat,
1002 2341 1099 2404 immo
1122 2347 1225 2403 necat.

402 2423 530 2509 Agmen
551 2423 585 2484 in
607 2421 763 2486 auxilium
786 2425 903 2488 nostris
926 2425 1014 2489 venit
1036 2446 1109 2489 ecce
1132 2444 1323 2509 supernum,

323 2522 375 2572 150
468 2507 575 2570 Dante
597 2507 679 2588 Deo,
702 2508 828 2592 signum
853 2509 908 2594 qui
930 2508 1019 2574 dedit
1040 2518 1114 2572 ante
1137 2507 1251 2572 crucis.

402 2591 511 2656 Vestis
535 2592 564 2655 ei
586 2589 757 2676 splendens
780 2601 816 2657 ut
837 2590 893 2674 sol,
917 2600 952 2655 ut
973 2594 1027 2655 nix
1049 2614 1133 2656 nova
1154 2590 1309 2673 candens,

468 2673 613 2760 Suntque
635 2697 692 2738 suo
714 2697 807 2742 rosea
828 2686 957 2762 pectore
980 2677 1071 2761 signa
1094 2677 1205 2740 crucis.

404 2758 515 2824 Hostis
537 2768 574 2822 ut
595 2757 651 2822 has
673 2759 757 2824 acies
779 2761 869 2824 novit
890 2781 949 2824 sua
970 2771 1062 2846 terga
1083 2769 1275 2847 prementes,

466 2842 604 2906 Lumine
625 2840 770 2928 caligant,
794 2854 825 2909 et
846 2867 905 2908 sua
927 2845 1025 2909 corda
1046 2854 1175 2930 pavent.

321 2940 374 2990 155
401 2925 489 2990 Hinc
511 2927 556 3008 fit,
579 2927 664 3012 quod
686 2929 793 2992 socius
815 2929 937 2993 socium
959 2927 1046 3011 ledit,
1068 2928 1152 2994 latus
1174 2927 1266 2992 hasta

466 3010 613 3076 Perforat
633 3011 717 3093 huic,
740 3010 786 3075 illi
808 3012 940 3077 demetit
961 3035 1037 3077 ense
1061 3023 1170 3099 caput,

402 3093 563 3161 Sternitur
582 3096 644 3175 hic,
666 3093 719 3161 ille
740 3095 876 3181 pedibus
899 3096 1040 3161 calcetur
1061 3118 1225 3183 equorum,

467 3178 531 3242 Hie
553 3181 718 3243 hominum
762 3179 872 3258 uidem
894 3183 1127 3269 precipitantur
1148 3182 1251 3267 aquis.

405 3261 492 3344 Quid
514 3263 641 3348 magis?
663 3202 787 3327 exiliis
810 3273 858 3329 ter
879 3263 968 3330 milia
989 3266 1072 3330 dena
1093 3267 1216 3350 perisse

323 3360 375 3410 160
469 3345 637 3411 Credimus
660 3356 691 3424 et
712 3369 804 3434 reges
826 3359 903 3414 tunc
925 3349 1078 3415 cecidisse
1100 3350 1191 3414 duos.

405 3431 500 3511 Quod
520 3429 592 3495 telis
615 3433 767 3496 comitum
790 3432 935 3498 cecidere
958 3434 1088 3499 ohorive
1110 3433 1251 3520 superni,

466 3515 615 3600 Ipsorum
637 3516 725 3581 cedis
746 3538 805 3603 per
824 3515 897 3581 loca
918 3539 1012 3582 nosse
1035 3517 1138 3582 detur.

404 3596 535 3663 Illorum
558 3611 707 3684 stragem,
729 3601 806 3686 quia
827 3610 917 3665 terna
938 3600 1024 3666 dieta
1043 3601 1184 3666 furentes

467 3681 600 3747 Nostros
622 3684 741 3748 vidisse
749 3695 773 3766 ³,
796 3695 890 3748 cuma
913 3686 974 3750 nisi
996 3687 1099 3772 prima
1121 3685 1225 3750 datur.

205 3791 262 3842 seps.
275 3792 309 3832 11.
323 3781 374 3830 165
406 3764 548 3832 Oontulit
569 3770 630 3832 ista
651 3769 742 3833 Deus
763 3768 867 3852 nobis,
889 3771 922 3832 in
944 3769 1016 3834 luce
1038 3771 1172 3836 lacincti

469 3851 512 3914 Et
532 3853 621 3916 Preti
642 3851 750 3938 palma
772 3874 836 3940 qua
858 3853 1018 3918 celebrata
1039 3854 1108 3920 fuit.

408 3972 612 4055 (laudemur,
635 3974 776 4037 Domino
800 3975 952 4056 canimus,
975 3973 1062 4061 quod
1084 3974 1161 4039 talia
1182 3972 1276 4038 nobis

469 4056 576 4120 Fecit:
598 4057 682 4120 fame
703 4079 806 4121 novos
829 4059 944 4123 incutit
966 4079 1041 4122 ecce
1064 4069 1184 4141 metus,

405 4139 451 4204 Ut
472 4162 530 4203 nos
553 4141 758 4216 confundant,
780 4141 947 4207 confirmat
968 4141 1080 4206 adesse
1102 4140 1213 4227 galyas

324 4238 376 4286 170
469 4223 534 4290 Ter
555 4225 668 4306 denas,
690 4226 838 4311 petimus,
862 4247 921 4290 nec
942 4228 1120 4312 reperimus
1143 4249 1206 4290 eos.

323 4385 345 4438 a)
362 4389 422 4428 locor
438 4395 555 4439 corruptor
569 4389 659 4430 videtur.
