<?xml version="1.0" encoding="UTF-8"?>
<!DOCTYPE html PUBLIC "-//W3C//DTD XHTML 1.0 Transitional//EN"
    "http://www.w3.org/TR/xhtml1/DTD/xhtml1-transitional.dtd">
<html xmlns="http://www.w3.org/1999/xhtml" xml:lang="en" lang="en">
 <head>
  <title>
</title>
<meta http-equiv="Content-Type" content="text/html;charset=utf-8" />
  <meta name='ocr-system' content='tesseract 3.04.00' />
  <meta name='ocr-capabilities' content='ocr_page ocr_carea ocr_par ocr_line ocrx_word'/>
</head>
<body>
  <div class='ocr_page' id='page_1' title='image "./chronicaregiaco00germgoog_0306.png"; bbox 0 0 3098 4982; ppageno 0'>
   <div class='ocr_carea' id='block_1_1' title="bbox 319 381 1377 488">
    <p class='ocr_par' dir='ltr' id='par_1_1' title="bbox 319 381 1377 488">
     <span class='ocr_line' id='line_1_1' title="bbox 319 381 1377 488; baseline -0.004 -18"><span class='ocrx_word' id='word_1_1' title='bbox 319 422 372 472; x_wconf 79' lang='lat'><strong>276</strong></span> <span class='ocrx_word' id='word_1_2' title='bbox 464 419 652 473; x_wconf 79' lang='lat' dir='ltr'>GHRONIOA</span> <span class='ocrx_word' id='word_1_3' title='bbox 670 418 785 488; x_wconf 73' lang='lat' dir='ltr'><strong>lencm</strong></span> <span class='ocrx_word' id='word_1_4' title='bbox 806 418 1056 471; x_wconf 79' lang='lat' dir='ltr'>COLONIENSIS.</span> <span class='ocrx_word' id='word_1_5' title='bbox 1078 417 1177 470; x_wconf 83' lang='lat' dir='ltr'>CONT.</span> <span class='ocrx_word' id='word_1_6' title='bbox 1191 418 1225 468; x_wconf 90' lang='lat' dir='ltr'><strong>V.</strong></span> <span class='ocrx_word' id='word_1_7' title='bbox 1243 418 1275 468; x_wconf 84' lang='grc' dir='ltr'><strong>Δ.</strong></span> <span class='ocrx_word' id='word_1_8' title='bbox 1288 381 1377 470; x_wconf 69' lang='lat' dir='ltr'><strong>lasa</strong></span> 
     </span>
    </p>
   </div>
   <div class='ocr_carea' id='block_1_2' title="bbox 317 584 1443 1430">
    <p class='ocr_par' dir='ltr' id='par_1_2' title="bbox 317 584 1443 1430">
     <span class='ocr_line' id='line_1_2' title="bbox 317 584 1442 674; baseline -0.007 -20"><span class='ocrx_word' id='word_1_9' title='bbox 317 589 420 654; x_wconf 90' lang='lat' dir='ltr'><strong>ethis</strong></span> <span class='ocrx_word' id='word_1_10' title='bbox 442 588 591 674; x_wconf 78' lang='lat' dir='ltr'><strong>peractis,</strong></span> <span class='ocrx_word' id='word_1_11' title='bbox 615 586 791 650; x_wconf 88' lang='lat' dir='ltr'><strong>exercitum</strong></span> <span class='ocrx_word' id='word_1_12' title='bbox 813 607 908 650; x_wconf 86' lang='lat' dir='ltr'><strong>suum</strong></span> <span class='ocrx_word' id='word_1_13' title='bbox 928 584 1082 649; x_wconf 87' lang='lat' dir='ltr'><strong>dissolvit.</strong></span> <span class='ocrx_word' id='word_1_14' title='bbox 1126 584 1336 649; x_wconf 84' lang='lat' dir='ltr'>Postmodum</span> <span class='ocrx_word' id='word_1_15' title='bbox 1358 605 1442 648; x_wconf 82' lang='lat' dir='ltr'><strong>vero</strong></span> 
     </span>
     <span class='ocr_line' id='line_1_3' title="bbox 318 668 1443 753; baseline -0.006 -16"><span class='ocrx_word' id='word_1_16' title='bbox 318 673 386 738; x_wconf 79' lang='lat' dir='ltr'><strong>dux</strong></span> <span class='ocrx_word' id='word_1_17' title='bbox 406 671 580 737; x_wconf 86' lang='lat' dir='ltr'><strong>Brabantie</strong></span> <span class='ocrx_word' id='word_1_18' title='bbox 601 671 717 735; x_wconf 89' lang='lat' dir='ltr'><strong>iterum</strong></span> <span class='ocrx_word' id='word_1_19' title='bbox 740 691 814 733; x_wconf 91' lang='lat' dir='ltr'><strong>cum</strong></span> <span class='ocrx_word' id='word_1_20' title='bbox 835 692 934 734; x_wconf 92' lang='lat' dir='ltr'><strong>manu</strong></span> <span class='ocrx_word' id='word_1_21' title='bbox 955 668 1062 734; x_wconf 84' lang='lat' dir='ltr'><strong>valida</strong></span> <span class='ocrx_word' id='word_1_22' title='bbox 1083 668 1272 753; x_wconf 86' lang='lat' dir='ltr'><strong>regreditur,</strong></span> <span class='ocrx_word' id='word_1_23' title='bbox 1296 676 1443 731; x_wconf 84' lang='lat' dir='ltr'><strong>castrum</strong></span> 
     </span>
     <span class='ocr_line' id='line_1_4' title="bbox 318 750 1441 840; baseline -0.006 -19"><span class='ocrx_word' id='word_1_24' title='bbox 318 756 564 821; x_wconf 72' lang='lat' dir='ltr'><strong>Randmrode⁸·¹</strong></span> <span class='ocrx_word' id='word_1_25' title='bbox 589 753 726 819; x_wconf 82' lang='lat' dir='ltr'><strong>Gerardi</strong></span> <span class='ocrx_word' id='word_1_26' title='bbox 754 753 886 818; x_wconf 84' lang='lat' dir='ltr'><strong>fautoris</strong></span> <span class='ocrx_word' id='word_1_27' title='bbox 916 754 1061 840; x_wconf 78' lang='lat' dir='ltr'>episcopi</span> <span class='ocrx_word' id='word_1_28' title='bbox 1091 752 1216 818; x_wconf 87' lang='lat' dir='ltr'>obsidet</span> <span class='ocrx_word' id='word_1_29' title='bbox 1238 761 1269 817; x_wconf 85' lang='lat' dir='ltr'><strong>et</strong></span> <span class='ocrx_word' id='word_1_30' title='bbox 1291 750 1441 815; x_wconf 89' lang='lat' dir='ltr'><strong>deditum</strong></span> 
     </span>
     <span class='ocr_line' id='line_1_5' title="bbox 317 835 1440 917; baseline -0.006 -11"><span class='ocrx_word' id='word_1_31' title='bbox 317 841 452 906; x_wconf 81' lang='lat' dir='ltr'><strong>destruit</strong></span> <span class='ocrx_word' id='word_1_32' title='bbox 473 852 505 905; x_wconf 89' lang='lat' dir='ltr'><strong>et</strong></span> <span class='ocrx_word' id='word_1_33' title='bbox 525 837 677 904; x_wconf 82' lang='lat' dir='ltr'><strong>incendit.</strong></span> <span class='ocrx_word' id='word_1_34' title='bbox 720 837 800 902; x_wconf 90' lang='lat' dir='ltr'><strong>Inde</strong></span> <span class='ocrx_word' id='word_1_35' title='bbox 829 838 958 902; x_wconf 78' lang='lat' dir='ltr'><strong>divertit</strong></span> <span class='ocrx_word' id='word_1_36' title='bbox 984 837 1027 901; x_wconf 86' lang='lat' dir='ltr'><strong>ad</strong></span> <span class='ocrx_word' id='word_1_37' title='bbox 1055 846 1199 902; x_wconf 84' lang='lat' dir='ltr'><strong>castrum</strong></span> <span class='ocrx_word' id='word_1_38' title='bbox 1219 835 1440 917; x_wconf 56' lang='lat' dir='ltr'><strong>Dalehemba,</strong></span> 
     </span>
     <span class='ocr_line' id='line_1_6' title="bbox 319 920 1440 1011; baseline -0.006 -22"><span class='ocrx_word' id='word_1_39' title='bbox 319 925 406 1011; x_wconf 93' lang='lat' dir='ltr'><strong>quod</strong></span> <span class='ocrx_word' id='word_1_40' title='bbox 428 932 496 988; x_wconf 85' lang='lat' dir='ltr'><strong>erat</strong></span> <span class='ocrx_word' id='word_1_41' title='bbox 517 923 662 988; x_wconf 83' lang='lat' dir='ltr'><strong>comitis³</strong></span> <span class='ocrx_word' id='word_1_42' title='bbox 691 921 731 985; x_wconf 89' lang='lat' dir='ltr'><strong>de</strong></span> <span class='ocrx_word' id='word_1_43' title='bbox 753 921 944 1004; x_wconf 68' lang='lat' dir='ltr'><strong>Hostadin0,</strong></span> <span class='ocrx_word' id='word_1_44' title='bbox 980 923 1104 1007; x_wconf 81' lang='lat' dir='ltr'><strong>nepotis</strong></span> <span class='ocrx_word' id='word_1_45' title='bbox 1133 920 1237 1000; x_wconf 88' lang='lat' dir='ltr'><strong>electi,</strong></span> <span class='ocrx_word' id='word_1_46' title='bbox 1269 931 1301 984; x_wconf 91' lang='lat' dir='ltr'><strong>et</strong></span> <span class='ocrx_word' id='word_1_47' title='bbox 1327 920 1440 1005; x_wconf 91' lang='lat' dir='ltr'><strong>ipsum</strong></span> 
     </span>
     <span class='ocr_line' id='line_1_7' title="bbox 317 1004 1441 1094; baseline -0.005 -20"><span class='ocrx_word' id='word_1_48' title='bbox 317 1031 376 1094; x_wconf 88' lang='lat' dir='ltr'><strong>per</strong></span> <span class='ocrx_word' id='word_1_49' title='bbox 398 1009 511 1074; x_wconf 88' lang='lat' dir='ltr'><strong>decem</strong></span> <span class='ocrx_word' id='word_1_50' title='bbox 532 1006 752 1073; x_wconf 88' lang='lat' dir='ltr'><strong>hebdomadas</strong></span> <span class='ocrx_word' id='word_1_51' title='bbox 781 1004 942 1087; x_wconf 86' lang='lat' dir='ltr'><strong>obsidens,</strong></span> <span class='ocrx_word' id='word_1_52' title='bbox 972 1007 1006 1069; x_wconf 93' lang='lat' dir='ltr'><strong>in</strong></span> <span class='ocrx_word' id='word_1_53' title='bbox 1035 1005 1232 1070; x_wconf 91' lang='lat' dir='ltr'><strong>deditionem</strong></span> <span class='ocrx_word' id='word_1_54' title='bbox 1258 1004 1384 1089; x_wconf 85' lang='lat' dir='ltr'><strong>accepit</strong></span> <span class='ocrx_word' id='word_1_55' title='bbox 1405 1013 1441 1068; x_wconf 92' lang='lat' dir='ltr'><strong>et</strong></span> 
     </span>
     <span class='ocr_line' id='line_1_8' title="bbox 318 1085 1440 1174; baseline -0.005 -17"><span class='ocrx_word' id='word_1_56' title='bbox 318 1093 385 1158; x_wconf 91' lang='lat' dir='ltr'><strong>suis</strong></span> <span class='ocrx_word' id='word_1_57' title='bbox 407 1092 552 1161; x_wconf 79' lang='lat' dir='ltr'><strong>munivit,</strong></span> <span class='ocrx_word' id='word_1_58' title='bbox 596 1091 703 1154; x_wconf 90' lang='lat' dir='ltr'><strong>Huius</strong></span> <span class='ocrx_word' id='word_1_59' title='bbox 724 1099 832 1154; x_wconf 89' lang='lat' dir='ltr'><strong>autem</strong></span> <span class='ocrx_word' id='word_1_60' title='bbox 854 1090 1030 1155; x_wconf 88' lang='lat' dir='ltr'><strong>obsidionis</strong></span> <span class='ocrx_word' id='word_1_61' title='bbox 1049 1099 1193 1174; x_wconf 90' lang='lat' dir='ltr'><strong>tempore</strong></span> <span class='ocrx_word' id='word_1_62' title='bbox 1208 1085 1326 1154; x_wconf 89' lang='lat' dir='ltr'><strong>electus</strong></span> <span class='ocrx_word' id='word_1_63' title='bbox 1342 1085 1440 1152; x_wconf 83' lang='lat' dir='ltr'><strong>Colo-</strong></span> 
     </span>
     <span class='ocr_line' id='line_1_9' title="bbox 317 1171 1439 1263; baseline -0.006 -22"><span class='ocrx_word' id='word_1_64' title='bbox 317 1178 437 1242; x_wconf 88' lang='lat' dir='ltr'><strong>niensis</strong></span> <span class='ocrx_word' id='word_1_65' title='bbox 459 1175 624 1263; x_wconf 85' lang='lat' dir='ltr'><strong>quoddam</strong></span> <span class='ocrx_word' id='word_1_66' title='bbox 646 1174 822 1260; x_wconf 88' lang='lat' dir='ltr'><strong>presidium</strong></span> <span class='ocrx_word' id='word_1_67' title='bbox 843 1174 935 1259; x_wconf 92' lang='lat' dir='ltr'><strong>ponit</strong></span> <span class='ocrx_word' id='word_1_68' title='bbox 955 1175 989 1237; x_wconf 91' lang='lat' dir='ltr'><strong>in</strong></span> <span class='ocrx_word' id='word_1_69' title='bbox 1009 1184 1093 1239; x_wconf 88' lang='lat' dir='ltr'><strong>terra</strong></span> <span class='ocrx_word' id='word_1_70' title='bbox 1115 1172 1241 1237; x_wconf 87' lang='lat' dir='ltr'><strong>comitis</strong></span> <span class='ocrx_word' id='word_1_71' title='bbox 1263 1172 1303 1235; x_wconf 94' lang='lat' dir='ltr'><strong>de</strong></span> <span class='ocrx_word' id='word_1_72' title='bbox 1324 1171 1439 1236; x_wconf 90' lang='lat' dir='ltr'><strong>Monte</strong></span> 
     </span>
     <span class='ocr_line' id='line_1_10' title="bbox 319 1255 1439 1341; baseline -0.006 -16"><span class='ocrx_word' id='word_1_73' title='bbox 319 1262 365 1325; x_wconf 88' lang='lat' dir='ltr'><strong>eis</strong></span> <span class='ocrx_word' id='word_1_74' title='bbox 387 1259 535 1326; x_wconf 91' lang='lat' dir='ltr'><strong>Rhenum</strong></span> <span class='ocrx_word' id='word_1_75' title='bbox 556 1260 646 1322; x_wconf 86' lang='lat' dir='ltr'><strong>iuxta</strong></span> <span class='ocrx_word' id='word_1_76' title='bbox 667 1255 775 1322; x_wconf 85' lang='lat' dir='ltr'><strong>villam</strong></span> <span class='ocrx_word' id='word_1_77' title='bbox 790 1258 908 1322; x_wconf 86' lang='lat' dir='ltr'><strong>dietam</strong></span> <span class='ocrx_word' id='word_1_78' title='bbox 923 1257 1106 1341; x_wconf 80' lang='lat' dir='ltr'><strong>Medeme⁴3</strong></span> <span class='ocrx_word' id='word_1_79' title='bbox 1129 1258 1186 1321; x_wconf 93' lang='lat' dir='ltr'><strong>ubi</strong></span> <span class='ocrx_word' id='word_1_80' title='bbox 1207 1257 1320 1341; x_wconf 87' lang='lat' dir='ltr'><strong>positis</strong></span> <span class='ocrx_word' id='word_1_81' title='bbox 1343 1255 1439 1320; x_wconf 89' lang='lat' dir='ltr'><strong>satel-</strong></span> 
     </span>
     <span class='ocr_line' id='line_1_11' title="bbox 318 1340 1329 1430; baseline -0.004 -23"><span class='ocrx_word' id='word_1_82' title='bbox 318 1344 444 1430; x_wconf 83' lang='lat' dir='ltr'><strong>litibus,</strong></span> <span class='ocrx_word' id='word_1_83' title='bbox 466 1352 585 1407; x_wconf 85' lang='lat' dir='ltr'><strong>terram</strong></span> <span class='ocrx_word' id='word_1_84' title='bbox 607 1340 750 1408; x_wconf 91' lang='lat' dir='ltr'><strong>eiusdem</strong></span> <span class='ocrx_word' id='word_1_85' title='bbox 773 1343 899 1406; x_wconf 90' lang='lat' dir='ltr'><strong>comitis</strong></span> <span class='ocrx_word' id='word_1_86' title='bbox 921 1363 1152 1428; x_wconf 88' lang='lat' dir='ltr'><strong>usquequaque</strong></span> <span class='ocrx_word' id='word_1_87' title='bbox 1174 1341 1329 1406; x_wconf 83' lang='lat' dir='ltr'><strong>devastat.</strong></span> 
     </span>
    </p>
   </div>
   <div class='ocr_carea' id='block_1_3' title="bbox 319 1433 1521 1698">
    <p class='ocr_par' dir='ltr' id='par_1_3' title="bbox 319 1433 1521 1698">
     <span class='ocr_line' id='line_1_12' title="bbox 404 1433 1521 1530; baseline -0.004 -22"><span class='ocrx_word' id='word_1_88' title='bbox 404 1444 529 1510; x_wconf 84' lang='lat' dir='ltr'><strong>Eodem</strong></span> <span class='ocrx_word' id='word_1_89' title='bbox 551 1445 647 1510; x_wconf 85' lang='lat' dir='ltr'><strong>etiam</strong></span> <span class='ocrx_word' id='word_1_90' title='bbox 662 1453 805 1529; x_wconf 87' lang='lat' dir='ltr'><strong>tempore</strong></span> <span class='ocrx_word' id='word_1_91' title='bbox 820 1465 937 1530; x_wconf 87' lang='lat' dir='ltr'><strong>guerra</strong></span> <span class='ocrx_word' id='word_1_92' title='bbox 952 1443 1087 1508; x_wconf 90' lang='lat' dir='ltr'><strong>durante</strong></span> <span class='ocrx_word' id='word_1_93' title='bbox 1102 1442 1222 1508; x_wconf 88' lang='lat' dir='ltr'><strong>electus</strong></span> <span class='ocrx_word' id='word_1_94' title='bbox 1234 1440 1439 1508; x_wconf 78' lang='lat' dir='ltr'><strong>Coloniensis</strong></span> <span class='ocrx_word' id='word_1_95' title='bbox 1520 1433 1521 1486; x_wconf 64' lang='lat' dir='ltr'><strong>l</strong></span> 
     </span>
     <span class='ocr_line' id='line_1_13' title="bbox 320 1526 1439 1616; baseline -0.004 -22"><span class='ocrx_word' id='word_1_96' title='bbox 320 1530 484 1594; x_wconf 90' lang='lat' dir='ltr'><strong>ordinatus</strong></span> <span class='ocrx_word' id='word_1_97' title='bbox 507 1539 555 1592; x_wconf 91' lang='lat' dir='ltr'><strong>est</strong></span> <span class='ocrx_word' id='word_1_98' title='bbox 579 1530 614 1591; x_wconf 93' lang='lat' dir='ltr'><strong>in</strong></span> <span class='ocrx_word' id='word_1_99' title='bbox 634 1528 858 1613; x_wconf 87' lang='lat' dir='ltr'><strong>presbyterum</strong></span> <span class='ocrx_word' id='word_1_100' title='bbox 886 1528 928 1592; x_wconf 88' lang='lat' dir='ltr'><strong>ab</strong></span> <span class='ocrx_word' id='word_1_101' title='bbox 959 1529 1112 1616; x_wconf 88' lang='lat' dir='ltr'><strong>episeopo</strong></span> <span class='ocrx_word' id='word_1_102' title='bbox 1135 1526 1380 1592; x_wconf 87' lang='lat' dir='ltr'><strong>Monasteriensi</strong></span> <span class='ocrx_word' id='word_1_103' title='bbox 1401 1527 1439 1589; x_wconf 91' lang='lat' dir='ltr'><strong>in</strong></span> 
     </span>
     <span class='ocr_line' id='line_1_14' title="bbox 319 1609 1440 1698; baseline -0.007 -18"><span class='ocrx_word' id='word_1_104' title='bbox 319 1612 455 1680; x_wconf 85' lang='lat' dir='ltr'><strong>ecclesia</strong></span> <span class='ocrx_word' id='word_1_105' title='bbox 476 1614 580 1678; x_wconf 85' lang='lat' dir='ltr'><strong>saneti</strong></span> <span class='ocrx_word' id='word_1_106' title='bbox 601 1613 689 1677; x_wconf 87' lang='lat' dir='ltr'><strong>Petri</strong></span> <span class='ocrx_word' id='word_1_107' title='bbox 710 1611 852 1694; x_wconf 79' lang='lat' dir='ltr'><strong>Colonie,</strong></span> <span class='ocrx_word' id='word_1_108' title='bbox 884 1622 917 1677; x_wconf 88' lang='lat' dir='ltr'><strong>et</strong></span> <span class='ocrx_word' id='word_1_109' title='bbox 938 1613 979 1676; x_wconf 92' lang='lat' dir='ltr'><strong>ab</strong></span> <span class='ocrx_word' id='word_1_110' title='bbox 1002 1612 1115 1677; x_wconf 89' lang='lat' dir='ltr'><strong>eodem</strong></span> <span class='ocrx_word' id='word_1_111' title='bbox 1144 1613 1298 1698; x_wconf 88' lang='lat' dir='ltr'><strong>episeopo</strong></span> <span class='ocrx_word' id='word_1_112' title='bbox 1320 1612 1355 1673; x_wconf 93' lang='lat' dir='ltr'><strong>in</strong></span> <span class='ocrx_word' id='word_1_113' title='bbox 1384 1609 1440 1673; x_wconf 93' lang='lat' dir='ltr'><strong>die</strong></span> 
     </span>
    </p>
   </div>
   <div class='ocr_carea' id='block_1_4' title="bbox 208 1696 1439 1784">
    <p class='ocr_par' dir='ltr' id='par_1_4' title="bbox 208 1696 1439 1784">
     <span class='ocr_line' id='line_1_15' title="bbox 208 1696 1439 1784; baseline -0.006 -21"><span class='ocrx_word' id='word_1_114' title='bbox 208 1721 254 1763; x_wconf 74' lang='lat' dir='ltr'><strong>oa.</strong></span> <span class='ocrx_word' id='word_1_115' title='bbox 272 1697 536 1784; x_wconf 87' lang='lat' dir='ltr'><strong>raapostolorum</strong></span> <span class='ocrx_word' id='word_1_116' title='bbox 557 1696 697 1762; x_wconf 84' lang='lat' dir='ltr'><strong>Simonis</strong></span> <span class='ocrx_word' id='word_1_117' title='bbox 719 1704 751 1762; x_wconf 88' lang='lat' dir='ltr'><strong>et</strong></span> <span class='ocrx_word' id='word_1_118' title='bbox 772 1696 851 1761; x_wconf 91' lang='lat' dir='ltr'><strong>Iude</strong></span> <span class='ocrx_word' id='word_1_119' title='bbox 880 1697 914 1759; x_wconf 92' lang='lat' dir='ltr'><strong>in</strong></span> <span class='ocrx_word' id='word_1_120' title='bbox 936 1697 1125 1782; x_wconf 88' lang='lat' dir='ltr'><strong>episcopum</strong></span> <span class='ocrx_word' id='word_1_121' title='bbox 1148 1706 1197 1759; x_wconf 88' lang='lat' dir='ltr'><strong>est</strong></span> <span class='ocrx_word' id='word_1_122' title='bbox 1219 1702 1439 1758; x_wconf 87' lang='lat' dir='ltr'><strong>consecratus.</strong></span> 
     </span>
    </p>
   </div>
   <div class='ocr_carea' id='block_1_5' title="bbox 318 1777 1441 2038">
    <p class='ocr_par' dir='ltr' id='par_1_5' title="bbox 318 1777 1441 2038">
     <span class='ocr_line' id='line_1_16' title="bbox 318 1777 1439 1867; baseline -0.005 -21"><span class='ocrx_word' id='word_1_123' title='bbox 318 1783 428 1846; x_wconf 88' lang='lat' dir='ltr'><strong>Paueo</strong></span> <span class='ocrx_word' id='word_1_124' title='bbox 485 1792 534 1846; x_wconf 90' lang='lat' dir='ltr'><strong>ost</strong></span> <span class='ocrx_word' id='word_1_125' title='bbox 565 1791 708 1867; x_wconf 88' lang='lat' dir='ltr'><strong>tempore</strong></span> <span class='ocrx_word' id='word_1_126' title='bbox 740 1779 826 1844; x_wconf 91' lang='lat' dir='ltr'><strong>idem</strong></span> <span class='ocrx_word' id='word_1_127' title='bbox 859 1782 1030 1866; x_wconf 87' lang='lat' dir='ltr'><strong>episcopus</strong></span> <span class='ocrx_word' id='word_1_128' title='bbox 1061 1789 1181 1844; x_wconf 88' lang='lat' dir='ltr'><strong>terram</strong></span> <span class='ocrx_word' id='word_1_129' title='bbox 1212 1777 1439 1844; x_wconf 69' lang='lat' dir='ltr'><strong>Walerami¹·⁵</strong></span> 
     </span>
     <span class='ocr_line' id='line_1_17' title="bbox 319 1805 1441 1950; baseline -0.003 -21"><span class='ocrx_word' id='word_1_130' title='bbox 319 1864 440 1930; x_wconf 84' lang='lat' dir='ltr'><strong>dictam</strong></span> <span class='ocrx_word' id='word_1_131' title='bbox 459 1805 738 1930; x_wconf 61' lang='lat' dir='ltr'><strong>luntzerlandtm</strong></span> <span class='ocrx_word' id='word_1_132' title='bbox 761 1865 860 1929; x_wconf 86' lang='lat' dir='ltr'><strong>intrat</strong></span> <span class='ocrx_word' id='word_1_133' title='bbox 881 1874 913 1929; x_wconf 91' lang='lat' dir='ltr'><strong>et</strong></span> <span class='ocrx_word' id='word_1_134' title='bbox 935 1867 1041 1929; x_wconf 91' lang='lat' dir='ltr'><strong>omnia</strong></span> <span class='ocrx_word' id='word_1_135' title='bbox 1064 1865 1149 1927; x_wconf 86' lang='lat' dir='ltr'><strong>eirca</strong></span> <span class='ocrx_word' id='word_1_136' title='bbox 1170 1873 1309 1927; x_wconf 88' lang='lat' dir='ltr'><strong>castrum</strong></span> <span class='ocrx_word' id='word_1_137' title='bbox 1336 1861 1441 1950; x_wconf 86' lang='lat' dir='ltr'><strong>[Mon-</strong></span> 
     </span>
     <span class='ocr_line' id='line_1_18' title="bbox 319 1949 1057 2038; baseline 0.004 -25"><span class='ocrx_word' id='word_1_138' title='bbox 319 1950 431 2038; x_wconf 60' lang='lat' dir='ltr'><strong>iniere]</strong></span> <span class='ocrx_word' id='word_1_139' title='bbox 456 1960 487 2014; x_wconf 89' lang='lat' dir='ltr'><strong>et</strong></span> <span class='ocrx_word' id='word_1_140' title='bbox 507 1949 625 2014; x_wconf 80' lang='lat' dir='ltr'><strong>Dune⁸</strong></span> <span class='ocrx_word' id='word_1_141' title='bbox 649 1957 770 2014; x_wconf 88' lang='lat' dir='ltr'><strong>cremat</strong></span> <span class='ocrx_word' id='word_1_142' title='bbox 790 1958 823 2012; x_wconf 90' lang='lat' dir='ltr'><strong>et</strong></span> <span class='ocrx_word' id='word_1_143' title='bbox 844 1949 999 2014; x_wconf 87' lang='lat' dir='ltr'><strong>devastat.</strong></span> <span class='ocrx_word' id='word_1_144' title='bbox 1051 1999 1057 2016; x_wconf 91' lang='lat'><em>.</em></span> 
     </span>
    </p>
   </div>
   <div class='ocr_carea' id='block_1_6' title="bbox 317 2039 1469 3386">
    <p class='ocr_par' dir='ltr' id='par_1_6' title="bbox 317 2039 1469 2630">
     <span class='ocr_line' id='line_1_19' title="bbox 403 2039 1440 2128; baseline -0.002 -22"><span class='ocrx_word' id='word_1_145' title='bbox 403 2041 528 2106; x_wconf 88' lang='lat' dir='ltr'><strong>Eodem</strong></span> <span class='ocrx_word' id='word_1_146' title='bbox 556 2063 639 2106; x_wconf 84' lang='lat' dir='ltr'><strong>anno</strong></span> <span class='ocrx_word' id='word_1_147' title='bbox 672 2042 846 2128; x_wconf 89' lang='lat' dir='ltr'><strong>imperator</strong></span> <span class='ocrx_word' id='word_1_148' title='bbox 875 2041 1006 2106; x_wconf 85' lang='lat' dir='ltr'><strong>collecto</strong></span> <span class='ocrx_word' id='word_1_149' title='bbox 1039 2041 1182 2104; x_wconf 87' lang='lat' dir='ltr'><strong>exercitu</strong></span> <span class='ocrx_word' id='word_1_150' title='bbox 1207 2040 1288 2104; x_wconf 91' lang='lat' dir='ltr'><strong>fines</strong></span> <span class='ocrx_word' id='word_1_151' title='bbox 1314 2039 1440 2104; x_wconf 89' lang='lat' dir='ltr'><strong>Medio-</strong></span> 
     </span>
     <span class='ocr_line' id='line_1_20' title="bbox 319 2122 1440 2207; baseline -0.003 -17"><span class='ocrx_word' id='word_1_152' title='bbox 319 2127 522 2192; x_wconf 73' lang='lat' dir='ltr'><strong>renensiume</strong></span> <span class='ocrx_word' id='word_1_153' title='bbox 550 2127 676 2206; x_wconf 79' lang='lat' dir='ltr'><strong>intrat⁰‚</strong></span> <span class='ocrx_word' id='word_1_154' title='bbox 709 2126 872 2191; x_wconf 84' lang='lat' dir='ltr'><strong>civitatem</strong></span> <span class='ocrx_word' id='word_1_155' title='bbox 899 2125 1057 2191; x_wconf 76' lang='lat' dir='ltr'><strong>Oumamh</strong></span> <span class='ocrx_word' id='word_1_156' title='bbox 1090 2124 1151 2189; x_wconf 90' lang='lat' dir='ltr'><strong>sibi</strong></span> <span class='ocrx_word' id='word_1_157' title='bbox 1181 2123 1339 2207; x_wconf 86' lang='lat' dir='ltr'><strong>conciliat,</strong></span> <span class='ocrx_word' id='word_1_158' title='bbox 1374 2122 1440 2188; x_wconf 93' lang='lat' dir='ltr'><strong>duo</strong></span> 
     </span>
     <span class='ocr_line' id='line_1_21' title="bbox 320 2208 1439 2292; baseline -0.004 -17"><span class='ocrx_word' id='word_1_159' title='bbox 320 2221 427 2276; x_wconf 88' lang='lat' dir='ltr'><strong>eastra</strong></span> <span class='ocrx_word' id='word_1_160' title='bbox 440 2208 751 2275; x_wconf 77' lang='lat' dir='ltr'><strong>Mediolanensiums</strong></span> <span class='ocrx_word' id='word_1_161' title='bbox 767 2211 932 2274; x_wconf 86' lang='lat' dir='ltr'><strong>Sieianum</strong></span> <span class='ocrx_word' id='word_1_162' title='bbox 954 2217 986 2274; x_wconf 92' lang='lat' dir='ltr'><strong>et</strong></span> <span class='ocrx_word' id='word_1_163' title='bbox 999 2208 1217 2272; x_wconf 86' lang='lat' dir='ltr'><strong>Landrianum</strong></span> <span class='ocrx_word' id='word_1_164' title='bbox 1228 2220 1255 2255; x_wconf 77' lang='lat'><strong>¹⁰</strong></span> <span class='ocrx_word' id='word_1_165' title='bbox 1276 2208 1439 2292; x_wconf 84' lang='lat' dir='ltr'><strong>subiugat.</strong></span> 
     </span>
     <span class='ocr_line' id='line_1_22' title="bbox 320 2291 1469 2378; baseline -0.003 -18"><span class='ocrx_word' id='word_1_166' title='bbox 320 2295 400 2360; x_wconf 92' lang='lat' dir='ltr'><strong>Inde</strong></span> <span class='ocrx_word' id='word_1_167' title='bbox 415 2294 566 2360; x_wconf 90' lang='lat' dir='ltr'><strong>secedens</strong></span> <span class='ocrx_word' id='word_1_168' title='bbox 580 2294 622 2358; x_wconf 85' lang='lat' dir='ltr'><strong>ad</strong></span> <span class='ocrx_word' id='word_1_169' title='bbox 637 2293 829 2358; x_wconf 89' lang='lat' dir='ltr'><strong>diruendum</strong></span> <span class='ocrx_word' id='word_1_170' title='bbox 844 2303 975 2378; x_wconf 91' lang='lat' dir='ltr'><strong>pontem</strong></span> <span class='ocrx_word' id='word_1_171' title='bbox 989 2291 1256 2375; x_wconf 82' lang='lat' dir='ltr'><strong>Placentinorum,</strong></span> <span class='ocrx_word' id='word_1_172' title='bbox 1279 2293 1334 2377; x_wconf 91' lang='lat' dir='ltr'><strong>qui</strong></span> <span class='ocrx_word' id='word_1_173' title='bbox 1349 2293 1440 2356; x_wconf 90' lang='lat' dir='ltr'><strong>ducit</strong></span> <span class='ocrx_word' id='word_1_174' title='bbox 1465 2306 1469 2314; x_wconf 90' lang='grc'><strong>“</strong></span> 
     </span>
     <span class='ocr_line' id='line_1_23' title="bbox 317 2375 1440 2463; baseline -0.004 -19"><span class='ocrx_word' id='word_1_175' title='bbox 317 2390 406 2444; x_wconf 88' lang='lat' dir='ltr'><strong>trans</strong></span> <span class='ocrx_word' id='word_1_176' title='bbox 427 2378 552 2442; x_wconf 86' lang='lat' dir='ltr'><strong>Padum</strong></span> <span class='ocrx_word' id='word_1_177' title='bbox 573 2377 732 2458; x_wconf 76' lang='lat' dir='ltr'><strong>fluviani,</strong></span> <span class='ocrx_word' id='word_1_178' title='bbox 762 2389 855 2441; x_wconf 89' lang='lat' dir='ltr'><strong>noete</strong></span> <span class='ocrx_word' id='word_1_179' title='bbox 878 2375 1017 2462; x_wconf 86' lang='lat' dir='ltr'><strong>quadam</strong></span> <span class='ocrx_word' id='word_1_180' title='bbox 1043 2377 1208 2463; x_wconf 89' lang='lat' dir='ltr'><strong>inopinata</strong></span> <span class='ocrx_word' id='word_1_181' title='bbox 1228 2375 1440 2440; x_wconf 86' lang='lat' dir='ltr'><strong>inundatione</strong></span> 
     </span>
     <span class='ocr_line' id='line_1_24' title="bbox 319 2458 1442 2547; baseline -0.004 -19"><span class='ocrx_word' id='word_1_182' title='bbox 319 2472 449 2544; x_wconf 84' lang='lat' dir='ltr'><strong>exorta,</strong></span> <span class='ocrx_word' id='word_1_183' title='bbox 483 2460 583 2526; x_wconf 88' lang='lat' dir='ltr'><strong>multa</strong></span> <span class='ocrx_word' id='word_1_184' title='bbox 614 2463 750 2526; x_wconf 89' lang='lat' dir='ltr'><strong>tentoria</strong></span> <span class='ocrx_word' id='word_1_185' title='bbox 785 2461 902 2526; x_wconf 88' lang='lat' dir='ltr'><strong>amittit</strong></span> <span class='ocrx_word' id='word_1_186' title='bbox 934 2469 965 2524; x_wconf 90' lang='lat' dir='ltr'><strong>et</strong></span> <span class='ocrx_word' id='word_1_187' title='bbox 999 2458 1094 2525; x_wconf 88' lang='lat' dir='ltr'><strong>salvis</strong></span> <span class='ocrx_word' id='word_1_188' title='bbox 1121 2462 1267 2547; x_wconf 90' lang='lat' dir='ltr'><strong>personis</strong></span> <span class='ocrx_word' id='word_1_189' title='bbox 1295 2461 1442 2524; x_wconf 83' lang='lat' dir='ltr'><strong>maxima</strong></span> 
     </span>
     <span class='ocr_line' id='line_1_25' title="bbox 320 2546 753 2630; baseline -0.002 -20"><span class='ocrx_word' id='word_1_190' title='bbox 320 2569 428 2612; x_wconf 89' lang='lat' dir='ltr'><strong>rerum</strong></span> <span class='ocrx_word' id='word_1_191' title='bbox 450 2547 590 2630; x_wconf 90' lang='lat' dir='ltr'><strong>dampna</strong></span> <span class='ocrx_word' id='word_1_192' title='bbox 610 2546 753 2610; x_wconf 86' lang='lat' dir='ltr'><strong>incurrit.</strong></span> 
     </span>
    </p>

    <p class='ocr_par' dir='ltr' id='par_1_7' title="bbox 319 2627 1441 3386">
     <span class='ocr_line' id='line_1_26' title="bbox 405 2627 1440 2715; baseline -0.003 -22"><span class='ocrx_word' id='word_1_193' title='bbox 405 2631 480 2715; x_wconf 90' lang='lat' dir='ltr'><strong>Ipso</strong></span> <span class='ocrx_word' id='word_1_194' title='bbox 512 2650 596 2693; x_wconf 89' lang='lat' dir='ltr'><strong>anno</strong></span> <span class='ocrx_word' id='word_1_195' title='bbox 629 2650 736 2692; x_wconf 89' lang='lat' dir='ltr'><strong>cernes</strong></span> <span class='ocrx_word' id='word_1_196' title='bbox 769 2627 848 2692; x_wconf 82' lang='lat' dir='ltr'><strong>Cam</strong></span> <span class='ocrx_word' id='word_1_197' title='bbox 873 2628 945 2693; x_wconf 87' lang='lat' dir='ltr'><strong>anie</strong></span> <span class='ocrx_word' id='word_1_198' title='bbox 978 2628 1191 2710; x_wconf 88' lang='lat' dir='ltr'><strong>Theobaldus,</strong></span> <span class='ocrx_word' id='word_1_199' title='bbox 1226 2628 1282 2713; x_wconf 90' lang='lat' dir='ltr'><strong>qui</strong></span> <span class='ocrx_word' id='word_1_200' title='bbox 1311 2637 1343 2692; x_wconf 91' lang='lat' dir='ltr'><strong>et</strong></span> <span class='ocrx_word' id='word_1_201' title='bbox 1378 2650 1440 2692; x_wconf 85' lang='lat' dir='ltr'><strong>rex</strong></span> 
     </span>
     <span class='ocr_line' id='line_1_27' title="bbox 320 2651 1440 2798; baseline -0.003 -21"><span class='ocrx_word' id='word_1_202' title='bbox 320 2713 597 2794; x_wconf 87' lang='lat' dir='ltr'><strong>Navemiensium‚</strong></span> <span class='ocrx_word' id='word_1_203' title='bbox 620 2711 809 2793; x_wconf 83' lang='lat' dir='ltr'><strong>Richardus,</strong></span> <span class='ocrx_word' id='word_1_204' title='bbox 842 2651 938 2776; x_wconf 73' lang='lat' dir='ltr'><strong>tlater</strong></span> <span class='ocrx_word' id='word_1_205' title='bbox 964 2711 1080 2798; x_wconf 85' lang='lat' dir='ltr'><strong>Anglie</strong></span> <span class='ocrx_word' id='word_1_206' title='bbox 1108 2735 1142 2776; x_wconf 92' lang='lat' dir='ltr'><strong>re</strong></span> <span class='ocrx_word' id='word_1_207' title='bbox 1167 2713 1204 2793; x_wconf 89' lang='lat' dir='ltr'><strong>is,</strong></span> <span class='ocrx_word' id='word_1_208' title='bbox 1239 2733 1346 2776; x_wconf 88' lang='lat' dir='ltr'><strong>eomes</strong></span> <span class='ocrx_word' id='word_1_209' title='bbox 1366 2711 1440 2775; x_wconf 88' lang='lat' dir='ltr'><strong>Bri-</strong></span> 
     </span>
     <span class='ocr_line' id='line_1_28' title="bbox 319 2796 1440 2879; baseline -0.003 -18"><span class='ocrx_word' id='word_1_210' title='bbox 319 2797 476 2878; x_wconf 82' lang='lat' dir='ltr'><strong>tannie11,</strong></span> <span class='ocrx_word' id='word_1_211' title='bbox 516 2817 622 2860; x_wconf 89' lang='lat' dir='ltr'><strong>eomes</strong></span> <span class='ocrx_word' id='word_1_212' title='bbox 656 2796 695 2860; x_wconf 92' lang='lat' dir='ltr'><strong>de</strong></span> <span class='ocrx_word' id='word_1_213' title='bbox 728 2797 974 2879; x_wconf 85' lang='lat' dir='ltr'><strong>Monte-forti¹²‚</strong></span> <span class='ocrx_word' id='word_1_214' title='bbox 1014 2819 1120 2860; x_wconf 89' lang='lat' dir='ltr'><strong>eomes</strong></span> <span class='ocrx_word' id='word_1_215' title='bbox 1178 2799 1333 2860; x_wconf 78' lang='lat' dir='ltr'><strong>arensis¹³</strong></span> <span class='ocrx_word' id='word_1_216' title='bbox 1364 2817 1440 2860; x_wconf 92' lang='lat' dir='ltr'><strong>cum</strong></span> 
     </span>
     <span class='ocr_line' id='line_1_29' title="bbox 320 2879 1441 2966; baseline -0.002 -22"><span class='ocrx_word' id='word_1_217' title='bbox 320 2880 429 2944; x_wconf 90' lang='lat' dir='ltr'><strong>multis</strong></span> <span class='ocrx_word' id='word_1_218' title='bbox 467 2879 628 2945; x_wconf 88' lang='lat' dir='ltr'><strong>nobilibus</strong></span> <span class='ocrx_word' id='word_1_219' title='bbox 662 2879 775 2962; x_wconf 76' lang='lat' dir='ltr'><strong>Gallie,</strong></span> <span class='ocrx_word' id='word_1_220' title='bbox 808 2881 977 2966; x_wconf 82' lang='lat' dir='ltr'><strong>Hispanis,</strong></span> <span class='ocrx_word' id='word_1_221' title='bbox 1011 2880 1136 2966; x_wconf 82' lang='lat' dir='ltr'><strong>Anglie,</strong></span> <span class='ocrx_word' id='word_1_222' title='bbox 1170 2879 1372 2944; x_wconf 76' lang='lat' dir='ltr'><strong>Teuthoniek</strong></span> <span class='ocrx_word' id='word_1_223' title='bbox 1406 2882 1441 2942; x_wconf 93' lang='lat' dir='ltr'><strong>in</strong></span> 
     </span>
     <span class='ocr_line' id='line_1_30' title="bbox 320 2963 1440 3051; baseline -0.002 -23"><span class='ocrx_word' id='word_1_224' title='bbox 320 2965 454 3030; x_wconf 86' lang='lat' dir='ltr'><strong>Terram</strong></span> <span class='ocrx_word' id='word_1_225' title='bbox 482 2963 634 3028; x_wconf 85' lang='lat' dir='ltr'><strong>Sanctam</strong></span> <span class='ocrx_word' id='word_1_226' title='bbox 666 2986 725 3051; x_wconf 91' lang='lat' dir='ltr'><strong>pro</strong></span> <span class='ocrx_word' id='word_1_227' title='bbox 759 2966 826 3029; x_wconf 88' lang='lat' dir='ltr'><strong>eius</strong></span> <span class='ocrx_word' id='word_1_228' title='bbox 859 2963 1046 3030; x_wconf 89' lang='lat' dir='ltr'><strong>liberatione</strong></span> <span class='ocrx_word' id='word_1_229' title='bbox 1074 2974 1148 3029; x_wconf 91' lang='lat' dir='ltr'><strong>sunt</strong></span> <span class='ocrx_word' id='word_1_230' title='bbox 1174 2963 1319 3049; x_wconf 89' lang='lat' dir='ltr'><strong>profecti.</strong></span> <span class='ocrx_word' id='word_1_231' title='bbox 1372 2963 1440 3044; x_wconf 79' lang='lat' dir='ltr'><strong>Qui</strong></span> 
     </span>
     <span class='ocr_line' id='line_1_31' title="bbox 320 3047 1440 3134; baseline -0.001 -22"><span class='ocrx_word' id='word_1_232' title='bbox 320 3069 396 3112; x_wconf 89' lang='lat' dir='ltr'><strong>cum</strong></span> <span class='ocrx_word' id='word_1_233' title='bbox 418 3048 460 3112; x_wconf 90' lang='lat' dir='ltr'><strong>ad</strong></span> <span class='ocrx_word' id='word_1_234' title='bbox 481 3049 714 3114; x_wconf 89' lang='lat' dir='ltr'><strong>edificationem</strong></span> <span class='ocrx_word' id='word_1_235' title='bbox 726 3049 886 3114; x_wconf 89' lang='lat' dir='ltr'><strong>Ascalone</strong></span> <span class='ocrx_word' id='word_1_236' title='bbox 901 3050 986 3113; x_wconf 87' lang='lat' dir='ltr'><strong>acies</strong></span> <span class='ocrx_word' id='word_1_237' title='bbox 1009 3049 1192 3134; x_wconf 85' lang='lat' dir='ltr'><strong>dirigerent,</strong></span> <span class='ocrx_word' id='word_1_238' title='bbox 1217 3048 1325 3113; x_wconf 89' lang='lat' dir='ltr'><strong>audito</strong></span> <span class='ocrx_word' id='word_1_239' title='bbox 1349 3047 1440 3133; x_wconf 92' lang='lat' dir='ltr'><strong>quod</strong></span> 
     </span>
     <span class='ocr_line' id='line_1_32' title="bbox 322 3131 1440 3216; baseline -0.003 -18"><span class='ocrx_word' id='word_1_240' title='bbox 322 3131 491 3214; x_wconf 84' lang='lat' dir='ltr'><strong>Sarraceni</strong></span> <span class='ocrx_word' id='word_1_241' title='bbox 513 3134 558 3197; x_wconf 90' lang='lat' dir='ltr'><strong>eis</strong></span> <span class='ocrx_word' id='word_1_242' title='bbox 581 3134 615 3197; x_wconf 93' lang='lat' dir='ltr'><strong>in</strong></span> <span class='ocrx_word' id='word_1_243' title='bbox 636 3133 759 3197; x_wconf 87' lang='lat' dir='ltr'><strong>viein0¹</strong></span> <span class='ocrx_word' id='word_1_244' title='bbox 782 3142 898 3215; x_wconf 69' lang='lat' dir='ltr'><strong>essent,</strong></span> <span class='ocrx_word' id='word_1_245' title='bbox 921 3142 1077 3198; x_wconf 86' lang='lat' dir='ltr'><strong>consueta</strong></span> <span class='ocrx_word' id='word_1_246' title='bbox 1098 3154 1152 3197; x_wconf 92' lang='lat' dir='ltr'><strong>eos</strong></span> <span class='ocrx_word' id='word_1_247' title='bbox 1183 3132 1284 3195; x_wconf 91' lang='lat' dir='ltr'><strong>animi</strong></span> <span class='ocrx_word' id='word_1_248' title='bbox 1306 3153 1440 3216; x_wconf 87' lang='lat' dir='ltr'><strong>magna-</strong></span> 
     </span>
     <span class='ocr_line' id='line_1_33' title="bbox 320 3216 1439 3363; baseline 0 -83"><span class='ocrx_word' id='word_1_249' title='bbox 320 3218 494 3282; x_wconf 82' lang='lat' dir='ltr'><strong>nimitatem</strong></span> <span class='ocrx_word' id='word_1_250' title='bbox 520 3217 686 3282; x_wconf 89' lang='lat' dir='ltr'><strong>invadunt.</strong></span> <span class='ocrx_word' id='word_1_251' title='bbox 731 3216 796 3282; x_wconf 83' lang='lat' dir='ltr'><strong>Sed</strong></span> <span class='ocrx_word' id='word_1_252' title='bbox 825 3217 866 3281; x_wconf 95' lang='lat' dir='ltr'><strong>ab</strong></span> <span class='ocrx_word' id='word_1_253' title='bbox 898 3218 977 3302; x_wconf 87' lang='lat' dir='ltr'><strong>ipsis</strong></span> <span class='ocrx_word' id='word_1_254' title='bbox 1001 3216 1185 3282; x_wconf 87' lang='lat' dir='ltr'><strong>Sarracenis</strong></span> <span class='ocrx_word' id='word_1_255' title='bbox 1216 3216 1439 3363; x_wconf 64' lang='lat' dir='ltr'><strong>inqrrosperato</strong></span> 
     </span>
     <span class='ocr_line' id='line_1_34' title="bbox 319 3299 1439 3386; baseline -0.002 -20"><span class='ocrx_word' id='word_1_256' title='bbox 319 3323 399 3367; x_wconf 89' lang='lat' dir='ltr'><strong>casu</strong></span> <span class='ocrx_word' id='word_1_257' title='bbox 421 3312 453 3367; x_wconf 89' lang='lat' dir='ltr'><strong>et</strong></span> <span class='ocrx_word' id='word_1_258' title='bbox 474 3303 638 3386; x_wconf 87' lang='lat' dir='ltr'><strong>inopinato</strong></span> <span class='ocrx_word' id='word_1_259' title='bbox 661 3300 884 3367; x_wconf 87' lang='lat' dir='ltr'><strong>miserabiliter</strong></span> <span class='ocrx_word' id='word_1_260' title='bbox 905 3311 979 3364; x_wconf 88' lang='lat' dir='ltr'><strong>sunt</strong></span> <span class='ocrx_word' id='word_1_261' title='bbox 1009 3301 1125 3366; x_wconf 83' lang='lat' dir='ltr'><strong>devicti</strong></span> <span class='ocrx_word' id='word_1_262' title='bbox 1155 3311 1186 3365; x_wconf 92' lang='lat' dir='ltr'><strong>et</strong></span> <span class='ocrx_word' id='word_1_263' title='bbox 1206 3299 1246 3364; x_wconf 91' lang='lat' dir='ltr'><strong>de</strong></span> <span class='ocrx_word' id='word_1_264' title='bbox 1259 3301 1334 3365; x_wconf 66' lang='lat' dir='ltr'><strong>etin.</strong></span> <span class='ocrx_word' id='word_1_265' title='bbox 1371 3299 1439 3365; x_wconf 91' lang='lat' dir='ltr'><strong>Ubi</strong></span> 
     </span>
    </p>
   </div>
   <div class='ocr_carea' id='block_1_7' title="bbox 319 3489 1439 3721">
    <p class='ocr_par' dir='ltr' id='par_1_8' title="bbox 319 3489 1439 3721">
     <span class='ocr_line' id='line_1_35' title="bbox 319 3489 1439 3545; baseline -0.004 -10"><span class='ocrx_word' id='word_1_266' title='bbox 319 3494 344 3545; x_wconf 85' lang='lat' dir='ltr'><strong>a)</strong></span> <span class='ocrx_word' id='word_1_267' title='bbox 360 3494 495 3534; x_wconf 80' lang='lat' dir='ltr'><strong>Randsrodt</strong></span> <span class='ocrx_word' id='word_1_268' title='bbox 510 3495 562 3533; x_wconf 78' lang='lat' dir='ltr'><strong>Dr.</strong></span> <span class='ocrx_word' id='word_1_269' title='bbox 622 3490 647 3542; x_wconf 85' lang='lat' dir='ltr'><strong>b)</strong></span> <span class='ocrx_word' id='word_1_270' title='bbox 663 3493 776 3533; x_wconf 85' lang='lat' dir='ltr'><strong>Dolehem</strong></span> <span class='ocrx_word' id='word_1_271' title='bbox 793 3492 841 3532; x_wconf 72' lang='grc' dir='ltr'><strong>Μ.</strong></span> <span class='ocrx_word' id='word_1_272' title='bbox 903 3490 924 3542; x_wconf 92' lang='lat' dir='ltr'><strong>c)</strong></span> <span class='ocrx_word' id='word_1_273' title='bbox 941 3491 1089 3531; x_wconf 83' lang='lat' dir='ltr'><strong>Hochsteden</strong></span> <span class='ocrx_word' id='word_1_274' title='bbox 1104 3490 1156 3530; x_wconf 83' lang='lat' dir='ltr'><strong>Da.</strong></span> <span class='ocrx_word' id='word_1_275' title='bbox 1217 3489 1240 3540; x_wconf 91' lang='lat' dir='ltr'><strong>d)</strong></span> <span class='ocrx_word' id='word_1_276' title='bbox 1257 3491 1372 3532; x_wconf 84' lang='lat' dir='ltr'><strong>Walramt</strong></span> <span class='ocrx_word' id='word_1_277' title='bbox 1390 3493 1439 3531; x_wconf 60' lang='lat' dir='ltr'><strong>Da.</strong></span> 
     </span>
     <span class='ocr_line' id='line_1_36' title="bbox 319 3550 1438 3604; baseline -0.004 -10"><span class='ocrx_word' id='word_1_278' title='bbox 319 3553 344 3604; x_wconf 90' lang='lat' dir='ltr'><strong>e)</strong></span> <span class='ocrx_word' id='word_1_279' title='bbox 361 3553 506 3594; x_wconf 86' lang='lat' dir='ltr'><strong>Ouderlandt</strong></span> <span class='ocrx_word' id='word_1_280' title='bbox 520 3553 568 3592; x_wconf 80' lang='lat' dir='ltr'><strong>D2.</strong></span> <span class='ocrx_word' id='word_1_281' title='bbox 599 3551 753 3601; x_wconf 72' lang='lat' dir='ltr'><strong>oldericum</strong></span> <span class='ocrx_word' id='word_1_282' title='bbox 768 3552 823 3600; x_wconf 76' lang='lat' dir='ltr'><strong>D13</strong></span> <span class='ocrx_word' id='word_1_283' title='bbox 840 3551 901 3590; x_wconf 78' lang='lat' dir='ltr'><strong>cirea</strong></span> <span class='ocrx_word' id='word_1_284' title='bbox 918 3555 1017 3591; x_wconf 82' lang='lat' dir='ltr'><strong>castrum</strong></span> <span class='ocrx_word' id='word_1_285' title='bbox 1033 3551 1116 3590; x_wconf 86' lang='lat' dir='ltr'><strong>Dunae</strong></span> <span class='ocrx_word' id='word_1_286' title='bbox 1132 3550 1181 3591; x_wconf 80' lang='lat' dir='ltr'><strong>Da.</strong></span> <span class='ocrx_word' id='word_1_287' title='bbox 1213 3550 1438 3600; x_wconf 58' lang='lat' dir='ltr'><strong>maledictorem.</strong></span> 
     </span>
     <span class='ocr_line' id='line_1_37' title="bbox 320 3608 1439 3664; baseline -0.003 -12"><span class='ocrx_word' id='word_1_288' title='bbox 320 3611 346 3664; x_wconf 79' lang='lat' dir='ltr'><strong>h)</strong></span> <span class='ocrx_word' id='word_1_289' title='bbox 363 3613 452 3654; x_wconf 81' lang='lat' dir='ltr'><strong>Oivtsrn</strong></span> <span class='ocrx_word' id='word_1_290' title='bbox 469 3612 519 3652; x_wconf 80' lang='lat' dir='ltr'><strong>Dr.</strong></span> <span class='ocrx_word' id='word_1_291' title='bbox 564 3609 582 3662; x_wconf 83' lang='lat'><strong>1)</strong></span> <span class='ocrx_word' id='word_1_292' title='bbox 598 3612 653 3650; x_wconf 76' lang='lat' dir='ltr'><strong>deest</strong></span> <span class='ocrx_word' id='word_1_293' title='bbox 668 3611 719 3650; x_wconf 76' lang='grc' dir='ltr'><strong>Μ,</strong></span> <span class='ocrx_word' id='word_1_294' title='bbox 771 3608 796 3661; x_wconf 80' lang='lat' dir='ltr'><strong>k)</strong></span> <span class='ocrx_word' id='word_1_295' title='bbox 813 3609 951 3651; x_wconf 78' lang='lat' dir='ltr'><strong>Germaniae</strong></span> <span class='ocrx_word' id='word_1_296' title='bbox 967 3610 1016 3649; x_wconf 79' lang='lat' dir='ltr'><strong>Da</strong></span> <span class='ocrx_word' id='word_1_297' title='bbox 1069 3608 1189 3660; x_wconf 71' lang='lat' dir='ltr'><strong>brionio</strong></span> <span class='ocrx_word' id='word_1_298' title='bbox 1206 3610 1254 3650; x_wconf 80' lang='lat' dir='ltr'><strong>Dr.</strong></span> <span class='ocrx_word' id='word_1_299' title='bbox 1301 3608 1332 3658; x_wconf 91' lang='lat' dir='ltr'><strong>nr)</strong></span> <span class='ocrx_word' id='word_1_300' title='bbox 1349 3611 1439 3658; x_wconf 75' lang='lat' dir='ltr'><strong>magni-</strong></span> 
     </span>
     <span class='ocr_line' id='line_1_38' title="bbox 320 3667 717 3721; baseline -0.01 -9"><span class='ocrx_word' id='word_1_301' title='bbox 320 3672 468 3713; x_wconf 75' lang='lat' dir='ltr'><strong>euoluens.</strong></span> <span class='ocrx_word' id='word_1_302' title='bbox 529 3667 717 3721; x_wconf 81' lang='lat' dir='ltr'><strong>n)doloseDl.</strong></span> 
     </span>
    </p>
   </div>
   <div class='ocr_carea' id='block_1_8' title="bbox 319 3826 1442 4408">
    <p class='ocr_par' dir='ltr' id='par_1_9' title="bbox 319 3826 1442 4408">
     <span class='ocr_line' id='line_1_39' title="bbox 324 3826 1438 3895; baseline -0.001 -16"><span class='ocrx_word' id='word_1_303' title='bbox 324 3829 350 3895; x_wconf 84' lang='lat'><strong>1)</strong></span> <span class='ocrx_word' id='word_1_304' title='bbox 370 3829 537 3880; x_wconf 80' lang='lat' dir='ltr'><strong>Raoderutb.</strong></span> <span class='ocrx_word' id='word_1_305' title='bbox 599 3827 642 3895; x_wconf 74' lang='grc'><strong>,2)</strong></span> <span class='ocrx_word' id='word_1_306' title='bbox 662 3829 790 3880; x_wconf 82' lang='lat' dir='ltr'><strong>Dcelbem</strong></span> <span class='ocrx_word' id='word_1_307' title='bbox 814 3829 883 3881; x_wconf 80' lang='lat' dir='ltr'><strong>inter</strong></span> <span class='ocrx_word' id='word_1_308' title='bbox 901 3828 1031 3880; x_wconf 82' lang='lat' dir='ltr'><strong>Leodium</strong></span> <span class='ocrx_word' id='word_1_309' title='bbox 1050 3837 1074 3880; x_wconf 84' lang='lat' dir='ltr'><strong>et</strong></span> <span class='ocrx_word' id='word_1_310' title='bbox 1096 3826 1247 3879; x_wconf 79' lang='lat' dir='ltr'><strong>Traiectum</strong></span> <span class='ocrx_word' id='word_1_311' title='bbox 1266 3828 1303 3879; x_wconf 85' lang='lat' dir='ltr'><strong>ad</strong></span> <span class='ocrx_word' id='word_1_312' title='bbox 1323 3827 1438 3878; x_wconf 76' lang='lat' dir='ltr'><strong>Mosam.</strong></span> 
     </span>
     <span class='ocr_line' id='line_1_40' title="bbox 323 3899 1440 3968; baseline -0.002 -16"><span class='ocrx_word' id='word_1_313' title='bbox 323 3901 353 3968; x_wconf 89' lang='grc'><strong>3)</strong></span> <span class='ocrx_word' id='word_1_314' title='bbox 377 3901 540 3953; x_wconf 79' lang='lat' dir='ltr'><strong>Theoderici.</strong></span> <span class='ocrx_word' id='word_1_315' title='bbox 615 3901 644 3963; x_wconf 85' lang='grc'><strong>4)</strong></span> <span class='ocrx_word' id='word_1_316' title='bbox 664 3901 705 3953; x_wconf 87' lang='lat' dir='ltr'><strong>De</strong></span> <span class='ocrx_word' id='word_1_317' title='bbox 726 3901 801 3954; x_wconf 79' lang='lat' dir='ltr'><strong>cuius</strong></span> <span class='ocrx_word' id='word_1_318' title='bbox 820 3903 873 3952; x_wconf 82' lang='lat' dir='ltr'><strong>situ</strong></span> <span class='ocrx_word' id='word_1_319' title='bbox 890 3919 944 3952; x_wconf 80' lang='lat' dir='ltr'><strong>aon</strong></span> <span class='ocrx_word' id='word_1_320' title='bbox 963 3910 1073 3953; x_wconf 78' lang='lat' dir='ltr'><strong>coartet.</strong></span> <span class='ocrx_word' id='word_1_321' title='bbox 1137 3900 1166 3966; x_wconf 84' lang='grc'><strong>5)</strong></span> <span class='ocrx_word' id='word_1_322' title='bbox 1186 3901 1292 3952; x_wconf 82' lang='lat' dir='ltr'><strong>Fratris</strong></span> <span class='ocrx_word' id='word_1_323' title='bbox 1314 3899 1440 3952; x_wconf 72' lang='lat' dir='ltr'><strong>Heinrici</strong></span> 
     </span>
     <span class='ocr_line' id='line_1_41' title="bbox 319 3970 1438 4041; baseline -0.002 -15"><span class='ocrx_word' id='word_1_324' title='bbox 319 3973 421 4026; x_wconf 78' lang='lat' dir='ltr'><strong>comitis</strong></span> <span class='ocrx_word' id='word_1_325' title='bbox 443 3975 476 4026; x_wconf 85' lang='lat' dir='ltr'><strong>de</strong></span> <span class='ocrx_word' id='word_1_326' title='bbox 494 3974 592 4026; x_wconf 82' lang='lat' dir='ltr'><strong>Monte.</strong></span> <span class='ocrx_word' id='word_1_327' title='bbox 677 3974 705 4041; x_wconf 91' lang='grc'><strong>6)</strong></span> <span class='ocrx_word' id='word_1_328' title='bbox 727 3976 821 4028; x_wconf 79' lang='lat' dir='ltr'><strong>Nescio</strong></span> <span class='ocrx_word' id='word_1_329' title='bbox 849 3992 885 4026; x_wconf 81' lang='lat' dir='ltr'><strong>aa</strong></span> <span class='ocrx_word' id='word_1_330' title='bbox 908 3983 1000 4026; x_wconf 81' lang='lat' dir='ltr'><strong>auctor</strong></span> <span class='ocrx_word' id='word_1_331' title='bbox 1025 3976 1132 4026; x_wconf 78' lang='lat' dir='ltr'><strong>‘terram</strong></span> <span class='ocrx_word' id='word_1_332' title='bbox 1151 3970 1252 4026; x_wconf 65' lang='lat' dir='ltr'><strong>fflbnze&#39;</strong></span> <span class='ocrx_word' id='word_1_333' title='bbox 1273 3974 1310 4038; x_wconf 83' lang='lat' dir='ltr'><strong>(o.</strong></span> <span class='ocrx_word' id='word_1_334' title='bbox 1326 3973 1438 4025; x_wconf 85' lang='lat' dir='ltr'><strong>Lucem-</strong></span> 
     </span>
     <span class='ocr_line' id='line_1_42' title="bbox 321 4047 1438 4116; baseline -0.002 -16"><span class='ocrx_word' id='word_1_335' title='bbox 321 4049 374 4100; x_wconf 76' lang='lat' dir='ltr'><strong>olet</strong></span> <span class='ocrx_word' id='word_1_336' title='bbox 393 4047 434 4111; x_wconf 82' lang='grc' dir='ltr'><strong>ΙΙ,</strong></span> <span class='ocrx_word' id='word_1_337' title='bbox 460 4049 504 4098; x_wconf 85' lang='lat'><strong>33.</strong></span> <span class='ocrx_word' id='word_1_338' title='bbox 525 4049 591 4113; x_wconf 88' lang='grc'>116)</span> <span class='ocrx_word' id='word_1_339' title='bbox 622 4048 761 4116; x_wconf 76' lang='lat' dir='ltr'><strong>intelliqct.</strong></span> <span class='ocrx_word' id='word_1_340' title='bbox 809 4047 933 4099; x_wconf 61' lang='lat' dir='ltr'><strong>dertusae</strong></span> <span class='ocrx_word' id='word_1_341' title='bbox 959 4047 1071 4100; x_wconf 78' lang='lat' dir='ltr'><strong>Oontaen</strong></span> <span class='ocrx_word' id='word_1_342' title='bbox 1097 4049 1170 4100; x_wconf 80' lang='lat' dir='ltr'><strong>cicae</strong></span> <span class='ocrx_word' id='word_1_343' title='bbox 1195 4048 1224 4098; x_wconf 67' lang='grc' dir='ltr'><strong>ἐπ</strong></span> <span class='ocrx_word' id='word_1_344' title='bbox 1243 4047 1326 4114; x_wconf 73' lang='lat' dir='ltr'><strong>Ebflia</strong></span> <span class='ocrx_word' id='word_1_345' title='bbox 1349 4064 1438 4114; x_wconf 74' lang='lat' dir='ltr'><strong>prope</strong></span> 
     </span>
     <span class='ocr_line' id='line_1_43' title="bbox 323 4119 1440 4188; baseline 0.001 -17"><span class='ocrx_word' id='word_1_346' title='bbox 323 4120 450 4188; x_wconf 76' lang='lat' dir='ltr'><strong>Moatjoie</strong></span> <span class='ocrx_word' id='word_1_347' title='bbox 463 4122 590 4187; x_wconf 69' lang='lat' dir='ltr'><strong>oppidem</strong></span> <span class='ocrx_word' id='word_1_348' title='bbox 603 4120 677 4174; x_wconf 81' lang='lat' dir='ltr'><strong>ritus.</strong></span> <span class='ocrx_word' id='word_1_349' title='bbox 698 4121 726 4172; x_wconf 82' lang='lat'><strong>0.</strong></span> <span class='ocrx_word' id='word_1_350' title='bbox 812 4124 840 4187; x_wconf 80' lang='grc'><strong>7)</strong></span> <span class='ocrx_word' id='word_1_351' title='bbox 853 4122 971 4172; x_wconf 86' lang='lat' dir='ltr'><strong>Moniois</strong></span> <span class='ocrx_word' id='word_1_352' title='bbox 991 4121 1114 4187; x_wconf 80' lang='lat' dir='ltr'><strong>supplevi</strong></span> <span class='ocrx_word' id='word_1_353' title='bbox 1127 4130 1229 4174; x_wconf 81' lang='lat' dir='ltr'><strong>secutus</strong></span> <span class='ocrx_word' id='word_1_354' title='bbox 1239 4119 1311 4172; x_wconf 78' lang='lat' dir='ltr'><strong>Aac.</strong></span> <span class='ocrx_word' id='word_1_355' title='bbox 1325 4119 1440 4186; x_wconf 77' lang='lat' dir='ltr'><strong>Floreff.</strong></span> 
     </span>
     <span class='ocr_line' id='line_1_44' title="bbox 321 4192 1440 4262; baseline -0.001 -17"><span class='ocrx_word' id='word_1_356' title='bbox 321 4195 361 4246; x_wconf 82' lang='lat' dir='ltr'><strong>cd</strong></span> <span class='ocrx_word' id='word_1_357' title='bbox 380 4211 480 4245; x_wconf 82' lang='lat' dir='ltr'><strong>annum</strong></span> <span class='ocrx_word' id='word_1_358' title='bbox 502 4197 580 4256; x_wconf 80' lang='lat'><strong>1239,</strong></span> <span class='ocrx_word' id='word_1_359' title='bbox 599 4194 650 4247; x_wconf 72' lang='lat' dir='ltr'><strong>SS.</strong></span> <span class='ocrx_word' id='word_1_360' title='bbox 664 4195 743 4260; x_wconf 86' lang='lat' dir='ltr'><strong><em>XVI,</em></strong></span> <span class='ocrx_word' id='word_1_361' title='bbox 763 4196 825 4246; x_wconf 78' lang='lat'><strong>627.</strong></span> <span class='ocrx_word' id='word_1_362' title='bbox 858 4192 885 4246; x_wconf 84' lang='lat'><strong>0.</strong></span> <span class='ocrx_word' id='word_1_363' title='bbox 955 4193 984 4255; x_wconf 90' lang='grc'><strong>8)</strong></span> <span class='ocrx_word' id='word_1_364' title='bbox 1004 4194 1089 4244; x_wconf 80' lang='lat' dir='ltr'><strong>Deua</strong></span> <span class='ocrx_word' id='word_1_365' title='bbox 1107 4193 1136 4244; x_wconf 80' lang='lat' dir='ltr'><strong>ia</strong></span> <span class='ocrx_word' id='word_1_366' title='bbox 1155 4195 1245 4262; x_wconf 68' lang='lat' dir='ltr'><strong>lb‘flia.</strong></span> <span class='ocrx_word' id='word_1_367' title='bbox 1325 4193 1354 4260; x_wconf 91' lang='grc'><strong>9)</strong></span> <span class='ocrx_word' id='word_1_368' title='bbox 1375 4193 1440 4246; x_wconf 82' lang='lat' dir='ltr'><strong>Post</strong></span> 
     </span>
     <span class='ocr_line' id='line_1_45' title="bbox 320 4265 1442 4335; baseline -0.002 -15"><span class='ocrx_word' id='word_1_369' title='bbox 320 4267 396 4334; x_wconf 77' lang='lat' dir='ltr'><strong>Sept.</strong></span> <span class='ocrx_word' id='word_1_370' title='bbox 409 4269 451 4320; x_wconf 83' lang='lat'><strong>16.</strong></span> <span class='ocrx_word' id='word_1_371' title='bbox 463 4266 503 4334; x_wconf 79' lang='lat' dir='ltr'><strong>Of.</strong></span> <span class='ocrx_word' id='word_1_372' title='bbox 511 4269 614 4322; x_wconf 74' lang='lat' dir='ltr'><strong>Annei.</strong></span> <span class='ocrx_word' id='word_1_373' title='bbox 624 4267 743 4320; x_wconf 81' lang='lat' dir='ltr'><strong>Placeat.</strong></span> <span class='ocrx_word' id='word_1_374' title='bbox 755 4267 916 4332; x_wconf 60' lang='grc' dir='ltr'>(111111,εᾶ</span> <span class='ocrx_word' id='word_1_375' title='bbox 927 4266 1076 4333; x_wconf 76' lang='lat' dir='ltr'><strong><em>XVIILp.</em></strong></span> <span class='ocrx_word' id='word_1_376' title='bbox 1090 4268 1153 4318; x_wconf 83' lang='lat'><strong>482.</strong></span> <span class='ocrx_word' id='word_1_377' title='bbox 1164 4270 1197 4319; x_wconf 84' lang='lat' dir='ltr'><strong>A.</strong></span> <span class='ocrx_word' id='word_1_378' title='bbox 1236 4269 1282 4335; x_wconf 90' lang='grc'><strong>10)</strong></span> <span class='ocrx_word' id='word_1_379' title='bbox 1293 4265 1404 4319; x_wconf 76' lang='lat' dir='ltr'><strong>Siziano</strong></span> <span class='ocrx_word' id='word_1_380' title='bbox 1416 4275 1442 4318; x_wconf 82' lang='lat' dir='ltr'><strong>et</strong></span> 
     </span>
     <span class='ocr_line' id='line_1_46' title="bbox 320 4338 1440 4408; baseline 0.002 -18"><span class='ocrx_word' id='word_1_381' title='bbox 320 4341 492 4393; x_wconf 78' lang='lat' dir='ltr'><strong>Lundrn&#39;eao.</strong></span> <span class='ocrx_word' id='word_1_382' title='bbox 524 4341 557 4395; x_wconf 87' lang='lat' dir='ltr'><strong>A.</strong></span> <span class='ocrx_word' id='word_1_383' title='bbox 639 4342 686 4403; x_wconf 91' lang='grc'><strong>11)</strong></span> <span class='ocrx_word' id='word_1_384' title='bbox 706 4342 808 4394; x_wconf 82' lang='lat' dir='ltr'><strong>Petrus.</strong></span> <span class='ocrx_word' id='word_1_385' title='bbox 841 4341 873 4393; x_wconf 80' lang='lat' dir='ltr'><strong>A.</strong></span> <span class='ocrx_word' id='word_1_386' title='bbox 960 4340 1006 4408; x_wconf 80' lang='lat'><strong>12)</strong></span> <span class='ocrx_word' id='word_1_387' title='bbox 1025 4341 1175 4395; x_wconf 71' lang='lat' dir='ltr'><strong>American.</strong></span> <span class='ocrx_word' id='word_1_388' title='bbox 1208 4339 1242 4394; x_wconf 85' lang='lat' dir='ltr'><strong>A.</strong></span> <span class='ocrx_word' id='word_1_389' title='bbox 1326 4338 1373 4406; x_wconf 84' lang='lat'><strong>13)</strong></span> <span class='ocrx_word' id='word_1_390' title='bbox 1393 4341 1440 4392; x_wconf 92' lang='lat' dir='ltr'><strong>Io·</strong></span> 
     </span>
    </p>
   </div>
   <div class='ocr_carea' id='block_1_9' title="bbox 321 4415 499 4468">
    <p class='ocr_par' dir='ltr' id='par_1_10' title="bbox 321 4415 499 4468">
     <span class='ocr_line' id='line_1_47' title="bbox 321 4415 499 4468; baseline 0.006 -1"><span class='ocrx_word' id='word_1_391' title='bbox 321 4415 434 4468; x_wconf 77' lang='lat' dir='ltr'><strong>baanes.</strong></span> <span class='ocrx_word' id='word_1_392' title='bbox 465 4418 499 4468; x_wconf 84' lang='lat' dir='ltr'><strong>A.</strong></span> 
     </span>
    </p>
   </div>
   <div class='ocr_carea' id='block_1_10' title="bbox 0 0 1554 4982">
    <p class='ocr_par' dir='ltr' id='par_1_11' title="bbox 0 0 1554 4982">
     <span class='ocr_line' id='line_1_48' title="bbox 0 0 1554 4982; baseline 0 0"><span class='ocrx_word' id='word_1_393' title='bbox 0 0 1554 4982; x_wconf 95' lang='lat' dir='ltr'><strong> </strong></span> 
     </span>
    </p>
   </div>
  </div>
 </body>
</html>
