3126 4976
284 459 471 512 CHRONIOA
491 461 604 513 REGIA
626 459 867 515 coLouluNsls
887 462 919 514 A.
942 459 1021 514 1134.
1044 462 1123 514 11³5.
1238 463 1267 513 71

523 633 692 684 Recenaio
712 633 736 686 I.
758 637 853 688 codd.
872 635 905 688 A.

526 718 621 783 Auno
643 720 776 784 Domini
801 723 892 787 1134.

221 803 333 868 Novus
355 804 529 888 imperator
549 802 687 868 natalem
703 805 836 869 Domini
859 804 1012 871 Coloniae
1034 803 1183 870 celebrat.
1219 806 1272 871 Ibi

147 888 335 952 temerarius
364 887 519 952 tumultus
547 886 732 952 urbicorum
763 911 869 954 coram
898 892 1091 975 imperatore
1118 890 1270 973 exoritur,

147 979 180 1036 et
201 993 239 1036 eo
254 971 396 1036 nondum
414 971 534 1054 sedato,
557 971 632 1036 inde
647 971 805 1038 discessit.
841 973 965 1038 Pascha
979 971 1164 1040 Halverstat
1181 996 1336 1060 pera-apr.
1348 996 1383 1041 rs.

146 1056 205 1139 git.
248 1055 300 1120 Ibi
328 1079 387 1120 rex
408 1057 595 1121 Dacorum¹
618 1057 760 1141 veniens,
790 1079 859 1122 sese
888 1060 922 1123 in
951 1067 1141 1144 potestatem
1170 1059 1271 1144 impe-

147 1140 284 1206 ratorisa
312 1139 418 1222 tradit,
449 1139 577 1204 obsides
604 1139 668 1222 dat,
694 1142 907 1207 iuramentum
933 1141 1018 1224 facit,
1045 1165 1079 1206 se
1105 1164 1270 1208 successo·

148 1246 264 1310 resque
296 1246 372 1289 suos
403 1226 531 1289 nonnisi
563 1227 723 1311 permissu
751 1227 954 1311 imperatoris
984 1248 1271 1312 successorumque

148 1330 279 1372 suorum
300 1331 435 1407 regnum
457 1309 665 1394 adepturum
688 1319 720 1375 et
741 1309 874 1396 pulchro
897 1309 1089 1396 spectaculo,
1111 1333 1271 1396 nusquam

147 1403 232 1458 retro
255 1392 417 1478 prioribus
439 1393 635 1479 temporibus
666 1393 785 1477 audito,
814 1396 885 1480 ipso
913 1404 1022 1459 sancto
1052 1394 1104 1461 die
1132 1394 1271 1480 paschae

147 1475 232 1541 idem
249 1499 307 1541 rex
322 1476 497 1559 Dacorum,
518 1480 606 1562 regio
622 1500 711 1542 more
726 1479 925 1561 coronatusb,
943 1500 1049 1542 coram
1065 1488 1215 1543 coronato
1231 1478 1272 1543 de

148 1582 237 1625 more
263 1565 455 1648 imperatore
484 1561 626 1646 gladium
653 1563 754 1649 ipsius
775 1573 890 1648 portat.
934 1563 1092 1628 Postbec
1113 1563 1272 1650 ingratia

147 1646 350 1731 imperatoris
371 1645 476 1710 redire
499 1647 683 1732 permissus,
707 1669 781 1710 curn
802 1649 834 1710 in
856 1647 993 1733 patriam
1016 1669 1105 1712 suam
1120 1648 1269 1732 venisset,

147 1729 305 1795 occiditur
326 1730 360 1794 in
381 1739 491 1794 saneto
514 1730 566 1795 die
588 1739 795 1816 pentecosten
817 1731 858 1795 ab
881 1729 993 1796 emulis
1023 1731 1099 1813 suis,
1128 1733 1362 1802 sunites-nas.

147 1813 235 1878 tibus
258 1815 391 1880 advenis
406 1814 603 1895 Teutonicis,
627 1837 707 1900 quos
728 1816 927 1881 truncatione
948 1814 1165 1880 membrorum
1183 1814 1271 1880 dam-

147 1907 289 1962 naverat.
375 1897 575 1963 Norbertus*
603 1898 946 1985 lilagatbeburgensis⁰
977 1901 1147 1985 episcopus
1177 1898 1271 1982 obiit3

119 2002 120 2006 ’
148 1982 201 2046 cui
225 1981 340 2047 Ouno‘¹
364 1985 527 2047 successit.
605 1985 685 2048 Post
704 1983 820 2048 festum
843 1983 943 2048 sancti
966 1983 1077 2049 Iacobi
1098 1987 1272 2069 imperator
1282 2002 1326 2043 lua
1337 2001 1374 2044 rc.

148 2065 388 2152 expeditionem
402 2089 536 2131 movens
552 2089 650 2153 super
660 2067 860 2132 Fridericum
875 2067 990 2132 ducem
1005 2065 1163 2149 Alsaciae,
1179 2067 1273 2152 plura

147 2151 218 2216 eius
242 2149 371 2216 castella
393 2152 536 2233 destruit,
559 2152 640 2217 inter
662 2174 743 2236 quae
768 2150 926 2216 famosum
955 2151 1023 2214 eius
1053 2151 1208 2239 oppidum
1238 2152 1273 2214 in

148 2233 270 2300 Suevia
290 2237 418 2300 nomine
436 2233 581 2300 ulmae-²
605 2247 734 2322 captum
756 2234 904 2300 incendio
928 2235 1033 2317 tradit,
1056 2245 1088 2299 et
1108 2236 1272 2334 regionem

147 2319 376 2405 predabundus
406 2319 616 2405 perambulat.
660 2319 844 2384 Fridericus
874 2319 941 2383 dux
967 2319 1096 2383 tandem
1124 2318 1273 2384 drffidens

148 2403 245 2468 rebus
278 2405 361 2484 suis,
395 2404 531 2488 gratiam
564 2405 765 2490 imperatoris
798 2427 857 2491 per
893 2424 1115 2491 quoscumque
1151 2402 1276 2488 potestl

148 2487 316 2553 obtineres
339 2488 489 2554 elaborat.

527 2570 622 2636 Anno
645 2573 777 2636 Domini
801 2573 892 2638 1135.

222 2657 401 2742 Imperator
415 2655 554 2720 natalem
568 2656 702 2721 Domini
717 2656 913 2742 Aquisgrani
927 2655 1077 2722 celebrat.
1114 2655 1165 2719 Ibi
1181 2651 1274 2719 Oolo·

147 2742 277 2806 nienses
299 2741 435 2826 gratiam
458 2741 660 2826 imperatoris
682 2742 835 2826 optinent.
885 2738 1011 2806 Ibidem
1038 2741 1213 2825 imperator
1241 2746 1273 2803 et

148 2823 349 2890 Coloniensis
382 2826 554 2911 episcopus
588 2823 809 2890 dissentientes
841 2824 883 2889 ab
916 2825 1071 2907 invicem,
1100 2819 1274 2888 discordati

124 2959 137 2967 ῃ
214 2987 242 3054 *)
261 3005 344 3038 manu
363 3005 431 3040 saec.
445 2954 530 3040 Xlll.
544 3005 584 3040 erc.
598 2989 641 3039 cel
653 2987 730 3039 XIV.
750 2985 866 3054 margini
882 2987 904 3038 A
923 2989 935 3036 l
952 2988 1032 3040 aod..·
1051 2987 1207 3048 Norbertus,
1227 2989 1273 3054 qui

260 3062 376 3113 instituit
394 3064 515 3114 ordinem
535 3063 851 3113 Prasmonstrstencium.

161 3174 364 3184 ——-—-.

486 3190 652 3242 Recensio
673 3189 714 3240 ΙΙ.
735 3189 830 3240 codd.
851 3189 884 3240 B.
906 3187 932 3241 0.

482 3277 531 3341 10.
574 3274 669 3340 Anno
691 3273 824 3339 Domini
848 3274 939 3340 1134.

223 3367 314 3418 Novus
332 3367 477 3432 imperator
496 3367 586 3418 natale
607 3367 715 3418 Domini
736 3365 865 3416 Coloniae
887 3365 1013 3416 celebrat.
1052 3364 1096 3414 Ibi
1115 3363 1272 3414 temerarius

148 3439 277 3491 tumultus
296 3440 447 3490 urbicorum
469 3456 558 3490 coram
583 3444 742 3506 imperatore
768 3439 894 3498 exoritur,
920 3444 947 3489 et
971 3453 1003 3488 ee
1027 3437 1143 3488 noudum
1168 3435 1271 3500 sedato,

147 3513 213 3564 inde
233 3513 365 3565 discessit.
441 3514 498 3564 itsx
517 3516 652 3565 Dacorum
678 3515 798 3573 veniens,
824 3528 853 3562 se
879 3512 906 3561 iu
926 3514 1085 3578 potestatem
1104 3510 1272 3576 imperatoris

149 3586 240 3647 tradit,
267 3587 375 3658 obsides
395 3586 450 3650 dat,
476 3588 652 3638 iuramentum
676 3587 751 3649 iacit,
777 3601 806 3636 se
830 3600 1053 3650 successoresque
1079 3599 1141 3635 suos
1167 3584 1274 3633 nonnisi

148 3661 281 3727 permissu
298 3661 466 3727 imperatoris
485 3675 723 3725 successorumque
748 3675 854 3710 suorum
881 3673 991 3724 regnum
1018 3657 1171 3724 adepturos.
1209 3656 1274 3708 Post

150 3734 202 3784 hec
222 3749 293 3784 cum
314 3749 398 3800 pace
418 3733 506 3785 redire
525 3735 679 3800 permissus,
701 3735 729 3782 in
748 3737 843 3783 sancto
870 3731 914 3782 die
940 3736 1090 3798 pentecost.
1117 3730 1150 3781 ab
1178 3730 1273 3781 emulis

148 3807 205 3858 suis
225 3813 266 3858 est
285 3808 399 3860 occisus.

483 3875 533 3938 11.
576 3874 670 3938 Anno
693 3873 825 3938 Domini
849 3873 941 3937 1135.

186 4031 189 4037 ¹
224 3965 376 4030 Imperator
394 3964 484 4016 natale
497 3965 609 4016 Domini
621 3965 784 4029 Aquisgrani
805 3961 937 4028 celebrat;
957 3962 1003 4014 ubi
1024 3961 1198 4013 colonienses
1215 3961 1273 4013 eius

150 4037 265 4104 gratiam
285 4039 414 4090 obtinent.
453 4039 618 4089 Ibi'etiam
643 4039 789 4106 imperator
813 4043 840 4089 et
860 4036 1029 4088 coloniensis
1053 4036 1274 4103 archiepiscopus

150 4200 175 4252 a)
193 4204 275 4253 regis
291 4203 311 4243 A
321 4205 340 4242 1.
417 4201 438 4255 b)
455 4205 550 4244 veniens
569 4225 595 4234 -—
612 4205 735 4243 coronatus
751 4203 783 4240 tis
798 4201 878 4241 exhibet
890 4201 941 4242 Aa
1017 4200 1038 4253 c)
1055 4201 1205 4250 Magdaberr.
1222 4199 1241 4238 A
1254 4199 1275 4249 1,

151 4261 237 4311 Mandu
252 4263 276 4301 ia
297 4262 343 4302 loco
363 4272 422 4304 ruso.
499 4261 523 4314 d)
546 4263 650 4303 Bruno
670 4273 697 4301 m.
719 4272 737 4304 s.
754 4261 815 4302 XIV.
836 4271 944 4310 sapam.
966 4259 1015 4299 At.
1092 4257 1115 4311 s)
1139 4258 1207 4300 olma
1223 4258 1274 4298 Al.

150 4319 172 4372 s)
188 4321 264 4371 potuit
278 4333 336 4363 sorr.
352 4325 429 4371 potest
444 4322 464 4361 A
474 4325 495 4362 1.
556 4320 580 4372 g)
596 4321 651 4362 decet
667 4319 716 4363 Ar.

154 4472 183 4538 i)
203 4471 290 4524 Filius
309 4473 379 4540 repis
400 4471 508 4525 Na‘colas'
527 4471 653 4540 Magnus.
729 4470 759 4538 2)
784 4470 853 4522 Ulca.
