3102 4978
230 445 237 455 ‚
267 391 285 440 4
531 386 718 440 cnnnurcs
738 383 852 438 10011
871 383 1124 438 cocornensis.

341 565 402 614 Hoc
421 569 541 628 tempore
562 561 633 628 apud
653 560 751 613 Iudeos
773 586 805 596 -
828 585 858 596 -
881 559 982 624 Symon
1002 561 1078 624 Onye
1098 558 1177 610 lilius.
1216 558 1295 610 Paul.

341 635 551 688 Macbubeorum
570 634 638 686 liber
656 636 756 702 primus
775 633 827 684 hoc
845 638 966 700 tempore
986 635 1100 699 scriptus
1120 638 1169 684 est.
1206 631 1292 684 Beda.

341 711 489 774 Tarentini,
508 715 592 760 morte
612 709 679 758 Pirri
699 711 835 773 comperta
853 733 890 743 —
912 733 941 744 -·
964 706 1129 757 deditionem
1152 707 1269 771 accepit.
1307 705 1389 756 Paul.

341 784 428 850 Igitur
441 784 587 835 exercitum
599 782 703 833 faciens
719 808 750 818 -
767 807 800 818 -
816 781 919 832 cunctis
933 779 1091 832 miraculum
1104 779 1163 830 fuit.
1205 777 1280 830 Oros.
1295 777 1346 842 IV,
1361 778 1388 829 8.

341 857 562 924 Kartaginienses
580 856 646 906 victi
668 881 699 892 —
722 881 751 892 -
774 852 958 920 pontificatum
977 854 1102 904 habente.
1140 851 1218 903 Puni.

341 932 382 982 Eo
401 936 521 997 tempore
541 930 676 980 Sostratus
694 928 806 995 pharum
824 929 853 977 in
871 926 1037 978 Alexandria
1061 927 1215 978 construxit.
1254 926 1315 976 Hoc
1339 924 1389 975 fuit

269 1021 349 1056 unum
370 1003 404 1054 de
423 1003 590 1054 mirabilibus
609 1001 703 1052 mnndi
722 1027 755 1038 -
780 1028 808 1038 -·
829 1006 992 1052 terremotu
1013 1001 1119 1052 corruit.
1157 999 1228 1052 Pctr.
1250 996 1319 1052 Com.

341 1079 470 1140 Quartum
484 1082 525 1128 est
538 1075 695 1126 miraculum
710 1102 741 1112 -
758 1102 790 1110 —
805 1075 833 1124 in
847 1072 1047 1141 columpnarum
1061 1072 1246 1138 magnitudine
1257 1071 1388 1123 mirabile.

269 1149 372 1218 (Beda)
393 1150 434 1202 Dc
455 1152 470 1200 7
490 1148 550 1200 mir.
1165 1183 1167 1186 -
1257 1146 1274 1186 .'

342 1224 429 1289 Igitur
441 1223 661 1290 Kartaginienses
674 1221 807 1287 Regulum
822 1219 917 1271 ducem
930 1247 967 1258 -
980 1247 1016 1257 -
1028 1220 1170 1273 Amilcaris
1184 1221 1277 1273 filium.
1310 1219 1387 1270 Paul.

341 1298 396 1348 Hic
416 1297 565 1362 Saguntum
586 1323 619 1332 -
641 1322 673 1331 -
695 1294 728 1344 de
749 1293 858 1345 Illiriois
877 1293 993 1359 gloriose
1011 1295 1194 1360 triumphavit.
1231 1294 1322 1346 Laud.

342 1371 404 1420 Hoc
423 1375 543 1437 tempore
562 1366 770 1418 Machabeorum
790 1367 859 1418 liber
878 1367 1011 1419 secundus
1031 1370 1146 1433 scriptus
1166 1373 1215 1419 est.
1252 1367 1338 1420 Beda.

341 1443 453 1494 Publius
468 1441 607 1494 Cornelius
622 1441 713 1507 Scipio
730 1467 764 1476 -
780 1467 814 1478 -
827 1440 876 1492 sed
889 1441 1010 1492 homines
1026 1441 1101 1492 brevi
1117 1440 1261 1493 defuturos.
1299 1439 1388 1492 Lond.

269 1514 1388 1581 QuomodomortuoInlioneposeinsOctavianuseisuccesserit.

268 1591 346 1641 Anno
363 1591 396 1640 ab
410 1590 443 1640 U.
464 1605 488 1640 c.
510 1590 571 1640 709.
590 1587 779 1639 interfecto-
796 1613 827 1624 -
841 1587 956 1652 Tyberio
976 1589 1126 1639 successori
1144 1587 1261 1654 reliquit.
1298 1586 1389 1638 Laud.

342 1661 440 1714 Annoa
458 1663 543 1729 primo
564 1662 707 1714 Octaviani
727 1688 761 1698 —
783 1687 814 1697 -
832 1662 1084 1726 possessionumque
1105 1661 1255 1728 descripsit.
1287 1660 1388 1715 Eruet.

618 1735 667 1784 De
687 1735 875 1786 nativitate
894 1735 1041 1785 Domini.

343 1807 420 1858 Anno
440 1809 474 1858 ab
494 1807 528 1860 U.
549 1823 571 1858 o.
594 1807 835 1874 manumissis
856 1807 918 1871 193,
945 1807 1059 1858 evolutis
1085 1808 1119 1858 ab
1144 1809 1220 1859 initio
1245 1808 1389 1859 creationis

270 1883 391 1934 humane·
405 1882 482 1933 annis
502 1882 582 1944 5199,
603 1882 710 1946 quando
730 1879 907 1932 firmissimam
936 1907 968 1916 -
998 1906 1028 1916 —
1056 1897 1108 1947 pax
1126 1882 1179 1933 ista
1200 1881 1388 1933 famulabatur.

274 1953 348 2007 Oros.
375 1953 420 2018 VI,
443 1956 467 2004 1.

343 2029 389 2095 qni
409 2030 490 2079 etiam
509 2033 612 2079 sextam
631 2053 668 2064 —
689 2053 721 2064 -
741 2029 769 2077 in
789 2027 878 2078 medio
902 2027 959 2078 1010
985 2043 1069 2092 agnus
1093 2027 1199 2080 locutus
1225 2035 1275 2080 est.
1312 2026 1391 2078 Beda

270 2101 303 2154 dc
323 2101 338 2150 6
359 2099 429 2152 acti

343 2175 420 2226 Anno
436 2174 462 2226 d.
476 2175 495 2223 i.
512 2174 640 2236 secundo,
661 2175 707 2240 qui
721 2180 761 2225 est
774 2174 889 2238 Augusti
909 2174 953 2237 43,
973 2173 1109 2239 Augustus
1128 2175 1280 2224 amiciciam
1300 2199 1336 2211 -
1355 2201 1389 2210 -

270 2247 342 2299 011110
362 2253 390 2298 01
409 2249 528 2298 moritur.
565 2246 666 2298 nutet.
1309 2253 1312 2258 '

343 2322 377 2372 A.
393 2320 420 2371 d.
432 2323 450 2372 i.
466 2321 508 2383 16,
529 2322 575 2385 qui
595 2326 635 2371 est
655 2335 671 2368 a
691 2318 800 2369 condita
818 2320 891 2370 Urbe
912 2319 992 2381 1162,
1011 2319 1144 2384 Tyberius
1165 2347 1196 2356 -
1220 2346 1251 2356 -
1273 2322 1299 2370 ei
1319 2337 1390 2372 oom-

270 2395 427 2445 mitteretur.
466 2392 531 2444 ibid.

343 2469 480 2532 Nusquam
493 2469 552 2532 ipse
566 2467 697 2533 pugnavit
714 2492 744 2502 -
760 2491 794 2502 -
810 2463 951 2530 Caligulae
963 2465 1068 2517 insidiis
1083 2467 1215 2517 extinctus
1230 2471 1277 2517 est.
1299 2464 1390 2520 Laud.

343 2543 376 2591 A.
396 2542 431 2591 D.
455 2541 496 2590 17.
519 2567 551 2576 -
573 2567 606 2577 -
628 2541 706 2590 etatis
726 2554 789 2588 vero
812 2537 854 2589 78.
891 2537 992 2590 nitet.
1141 2574 1143 2578 -

344 2612 376 2663 A.
397 2614 460 2663 di.
480 2614 524 2676 39,
546 2613 579 2662 ab
599 2613 633 2663 U.
653 2628 716 2663 vero
742 2629 766 2662 c.
788 2611 849 2662 790.
873 2613 974 2662 tercius
993 2611 1026 2660 ab
1046 2611 1168 2676 Augusto
1189 2613 1272 2664 Gaius
1298 2640 1332 2649 -
1355 2641 1393 2650 —

272 2685 369 2752 dieque
389 2693 494 2738 octavo.
533 2684 622 2737 Laud.

343 2761 376 2810 A.
398 2760 432 2810 D.
451 2760 498 2810 40.
517 2785 551 2794 -
571 2785 606 2796 ··
626 2758 704 2822 regni
724 2763 827 2823 quarto.
865 2757 965 2810 naret.

344 2831 376 2882 A.
397 2828 422 2882 d.
442 2833 460 2881 i.
481 2833 526 2891 43,
546 2831 579 2882 ab
599 2831 632 2884 U.
653 2837 741 2881 autem
762 2847 786 2880 0.
803 2830 863 2881 794.
885 2830 1015 2882 Claudius
1031 2857 1061 2868 -
1076 2859 1101 2868 -
1126 2832 1273 2884 incederet.
1302 2830 1392 2884 Laod.

344 2905 376 2958 A.
397 2905 432 2957 D.
452 2904 497 2956 44.
536 2904 569 2953 12
589 2904 704 2969 apostoli
724 2930 757 2942 -
779 2929 813 2939 —·
834 2906 905 2954 vitae
924 2920 989 2954 suae
1010 2904 1054 2954 64.
1092 2903 1193 2956 1111111.

344 2977 376 3029 A.
397 2978 424 3028 d.
443 2979 461 3029 i.
484 2979 528 3040 67,
555 2977 588 3026 ab
607 2977 642 3028 U.
667 2991 731 3027 vero
759 2991 782 3028 o.
802 2975 866 3028 808.
906 2978 1046 3029 Domicius
1069 2978 1139 3028 Nero
1168 3005 1200 3016 -
1228 3006 1262 3015 -
1286 2979 1392 3044 imperii

271 3049 312 3102 sui
334 3051 377 3102 14.
416 3049 505 3100 Laud.

344 3124 378 3175 A.
397 3124 433 3174 D.
454 3123 498 3174 68.
536 3123 634 3173 Paulus
654 3121 791 3189 apostolus
813 3149 845 3158 ·-
865 3139 980 3174 —esse
1001 3123 1165 3176 devoratum.
1204 3123 1305 3176 Elateia

346 3196 378 3250 A.
398 3199 434 3248 D.
456 3197 499 3261 71,
520 3196 553 3246 ab
573 3196 606 3247 U.
626 3194 816 3246 10100892.
856 3195 944 3247 Galba
959 3222 990 3232 -
1006 3224 1040 3232 -
1055 3196 1184 3250 deiectus.
1223 3197 1391 3262 Antyoohiae

272 3269 406 3322 secundus
426 3269 564 3321 ordinatur
584 3271 725 3335 opiscopus
745 3269 875 3333 ignatius.
913 3268 1014 3320 Elatcb.

345 3345 423 3395 Anno
443 3342 469 3394 d.
490 3345 509 3394 i.
529 3342 572 3405 ⁷2,
597 3342 631 3392 ab
647 3342 681 3393 U.
701 3357 725 3392 c.
746 3341 809 3393 899.
835 3342 911 3392 brevi
936 3341 984 3390 illa
1010 3341 1118 3408 quidem
1144 3370 1179 3378 -
1204 3370 1241 3379 -
1267 3348 1392 3394 assecuta
1423 3393 1426 3400 ,

273 3422 322 3468 est.
360 3416 451 3468 Laud.

347 3489 468 3556 Cumque
487 3489 600 3540 Romam
618 3489 752 3538 incendiis
771 3515 807 3524 —
828 3513 862 3522 —
883 3492 1000 3537 mortuus
1021 3493 1070 3538 est.
1108 3486 1208 3540 11111011.

344 3563 378 3614 A.
390 3565 425 3613 D.
440 3562 484 3626 81,
504 3562 538 3612 ab
551 3562 585 3612 U.
598 3576 662 3612 vero
677 3577 699 3612 o.
715 3560 777 3612 832.
797 3561 872 3611 Titus
891 3587 925 3596 -
940 3586 974 3596 -
988 3559 1036 3611 sed
1056 3560 1103 3610 alii
1122 3562 1173 3612 hoc
1187 3567 1295 3627 negant.
1326 3560 1391 3612 thid.

345 3635 377 3686 A.
397 3636 433 3685 D.
452 3634 497 3698 83,
517 3635 551 3684 ab
564 3635 599 3685 U.
618 3640 706 3685 nutem
727 3650 751 3683 c.
766 3633 829 3684 834.
866 3633 1043 3685 Domicianus
1064 3661 1097 3670 -
1117 3661 1153 3671 -
1172 3635 1307 3687 Iohannes
1328 3651 1391 3702 apo·

272 3709 357 3760 stolus
375 3710 449 3758 iussu
468 3709 552 3773 ipsius
571 3707 683 3758 Romam
702 3707 823 3768 veniens,
842 3707 869 3756 in
882 3706 1010 3758 ferventis
1026 3706 1080 3758 olei
1093 3708 1200 3759 doleum
1213 3714 1391 3775 antepartum

273 3782 396 3833 Latinam
417 3781 536 3844 mittitur,
555 3779 671 3848 indeque
692 3795 751 3830 cum
771 3779 863 3831 illesus
888 3780 995 3844 exisset,
1020 3782 1048 3830 in
1067 3782 1193 3833 Pathmos
1217 3782 1332 3834 insulam
1358 3782 1392 3832 ab

273 3854 372 3906 eodem·
388 3853 500 3904 Metallo
519 3852 657 3918 religatur.
694 3850 784 3902 Laod.

347 3927 468 3992 Cumque
487 3926 596 3977 odiosus
616 3931 687 3976 esset
703 3926 873 3976 omnibus-
888 3953 919 3962 -
936 3941 953 3976 a
971 3928 1026 3978 suis
1040 3928 1196 3980 interiectus
1211 3935 1262 3979 001.
1291 3927 1393 3980 stret.

345 4000 378 4049 A.
392 4000 427 4050 D.
441 3999 485 4062 99,
504 3999 538 4050 U.
553 4015 615 4050 vero
631 4015 654 4050 c.
669 3999 731 4049 860.
750 3999 838 4050 Nerva
853 3999 984 4051 Cocceius
1000 4028 1032 4036 —
1048 4001 1161 4054 —eolis
1181 4001 1298 4053 defectio
1317 4002 1392 4052 facta

273 4079 322 4124 est.
359 4069 426 4122 istu.

346 4145 378 4196 A.
390 4144 416 4195 d.
425 4145 443 4194 i.
457 4143 518 4206 100,
528 4145 562 4195 U.
574 4160 597 4195 o.
608 4145 671 4196 851.
683 4144 796 4213 Vulpius
812 4145 927 4197 Crinitus
940 4173 973 4182 -
985 4172 1017 4182 -
1030 4147 1149 4212 privatus
1160 4152 1287 4216 optasset.
1301 4147 1392 4200 Laud.

346 4218 400 4267 Hic
418 4223 512 4284 postea
532 4217 661 4285 deceptus
676 4245 710 4258 -
723 4245 760 4258 -
773 4219 936 4286 Iherapolim
956 4220 1137 4270 sacerdotium
1157 4237 1261 4287 gerens.
1291 4220 1392 4271 1111101.

272 4325 296 4375 a)
318 4325 381 4367 Anni
397 4326 520 4368 Octaviani
535 4326 635 4376 Augusti
650 4333 669 4368 ct
684 4339 792 4382 numeros,
805 4335 882 4379 postea
897 4330 933 4369 De
949 4330 1050 4380 Tyberio
1067 4341 1152 4382 cesare,
1174 4335 1193 4370 ct
1208 4331 1240 4370 ita
1255 4331 1353 4380 deinceps
1367 4331 1393 4371 dc

271 4386 364 4435 sinpulis
378 4387 545 4437 imperatoribus
559 4389 627 4428 crabro
643 4388 667 4428 tn
681 4399 750 4440 mora.
767 4389 816 4430 adn.
832 4389 900 4436 codd,
917 4399 973 4439 quac
989 4390 1105 4430 omisimus.
