3122 4978
231 372 420 427 ennomus
439 377 552 428 enom
573 375 826 429 conomnusrs.
848 339 1166 429 cornminus.
1205 378 1257 428 ms

513 548 681 601 Recensio
701 549 726 601 Ι.
746 549 841 601 codd.
863 547 890 601 0.

139 643 324 697 sanctorum
355 633 574 719 apostolorum
604 643 636 699 et
663 633 799 699 aliorum
831 644 1014 701 sanctorum
1047 657 1089 700 ex
1122 633 1257 700 diversis

140 715 254 780 mundi
268 717 413 802 partibus
432 716 581 783 collectas
597 717 661 783 illio
676 727 878 804 reponentes,
899 719 1130 784 exaltaverunt.

541 808 705 861 Recensio
725 809 749 860 I.
764 817 792 860 et
811 808 853 860 ΙΙ.

224 872 328 960 Capta
338 873 436 960 igitur
445 875 534 958 urbe,
546 876 677 940 divitiae
688 877 913 962 repperiuntur
923 875 1163 958 inestimabiles,
1179 876 1258 976 lapi-

138 957 195 1022 des
232 958 438 1022 reciosissimi
449 969 481 1023 et
490 959 768 1046 incomparabiles,
784 982 859 1045 pars
870 960 988 1023 etiam⁸
1001 959 1081 1046 ligni
1095 959 1258 1043 dominici,

137 980 230 1127 quoi
246 1063 305 1127 per
327 1040 484 1106 Helenam
506 1042 546 1108 de
568 1043 785 1108 Iherosolimis
806 1042 995 1108 translatum
1017 1066 1095 1108 auro
1117 1053 1149 1110 et
1170 1067 1258 1130 gem-

137 1126 199 1189 mis
211 1126 366 1212 preciosis
377 1127 566 1212 insignitum
576 1129 610 1192 in
621 1129 765 1192 maxims
776 1127 841 1190 illio
852 1129 1056 1193 veneratione
1068 1127 1256 1210 habebatur,

136 1207 179 1273 ab
194 1211 352 1295 episcopis
368 1211 424 1296 qui
439 1221 604 1295 presentes
624 1211 758 1277 aderant
778 1213 925 1294 incisum,
944 1234 1018 1276 cum
1040 1211 1110 1276 aliis
1132 1214 1257 1297 procio-

138 1293 273 1356 sissimis
281 1293 425 1380 reliquiis
436 1317 495 1380 per
504 1295 629 1362 nobiles
641 1317 785 1382 quosque
796 1296 941 1380 partitur,
957 1304 989 1360 et
999 1305 1112 1381 postea
1126 1297 1194 1360 eisb
1210 1319 1258 1362 re·

50 1434 53 1442 .
136 1376 387 1443 vertentibusad
398 1379 503 1444 natale
511 1380 624 1464 solum,
636 1381 854 1466 perscelesias
862 1389 894 1444 et
904 1378 1257 1452 cenobiadistribuitur,

221 1460 393 1542 Quomodo
416 1473 523 1528 autem
546 1465 682 1552 [primos
710 1464 844 1529 subacta
872 1463 935 1562 sitJ,
966 1471 998 1528 et
1018 1463 1153 1528 Alexius
1182 1487 1257 1529 cum

136 1553 227 1630 patre
255 1568 324 1627 su0,
357 1548 413 1632 qui
442 1569 462 1610 a
488 1548 585 1613 fratre
617 1571 675 1613 suo
700 1549 821 1613 eiectus
848 1557 881 1612 et
907 1558 1121 1613 mcsrceratus
1143 1548 1257 1631 fuerst,

136 1628 178 1692 sit
203 1629 366 1711 reductus,
398 1653 457 1716 por
485 1631 568 1696 hanc
596 1631 775 1718 epistolam,
808 1653 906 1719 quam
936 1653 1044 1696 comes
1073 1630 1113 1696 de
1137 1632 1256 1697 Sancto

136 1712 238 1777 Paulo
260 1714 336 1778 duci
357 1715 551 1782 Brabsntiae
573 1718 668 1798 misit,
715 1725 799 1780 otest
819 1717 989 1800 agnosci¹t

219 1798 446 1864 Ibecorolialid
458 1803 563 1865 amico
579 1824 638 1865 suo
654 1740 847 1879 Hicinrico]
863 1800 942 1863 duci
956 1800 995 1863 cle
1009 1798 1168 1880 vavnio,
1184 1802 1256 1864 viro

135 1879 248 1963 nobili,
271 1883 407 1968 H[upc]
433 1907 535 1948 comes
568 1885 685 1950 Sancti
711 1885 820 1948 Pauli.
883 1882 1012 1948 Statum
1046 1886 1259 2030 pavpperrimi

135 1969 296 2030 enervitas
319 1968 416 2032 Ibesu
441 1968 563 2034 Christi
585 1969 748 2034 nobilitati
769 1977 870 2031 vestre
899 1967 1070 2032 declarare
1122 1968 1257 2031 esiderv.

135 2050 275 2115 Noverit
301 2074 378 2138 erpo
411 2055 569 2117 serenitas
591 2063 709 2134 vestra,
732 2054 813 2137 quia
835 2050 960 2132 Aleuis,
980 2051 1077 2132 filius
1108 2053 1256 2115 Tirsaci⁰

136 2135 303 2220 qvondam
324 2138 369 2200 im
395 2138 533 2200 cratoris
557 2135 924 2220 Constantinopolitvni,
946 2158 1039 2221 quem
1050 2135 1166 2218 frater
1188 2139 1258 2200 eius

131 2229 272 2303 propter
305 2243 354 2283 um
378 2222 509 2285 itionem
537 2222 669 2306 imperii
693 2221 866 2300 excecavit,
891 2221 979 2283 venit
1006 2219 1051 2282 acl
1079 2241 1139 2282 nos
1163 2219 1258 2304 upuol

138 2301 286 2386 Corfaut,
308 2305 417 2388 ibique
437 2305 573 2390 penibus
586 2306 698 2390 flemis,
715 2303 869 2388 profusis
883 2301 1041 2382 lacrimis,
1056 2304 1254 2367 universita-

134 2394 196 2450 tem
217 2396 361 2451 nostram
388 2411 541 2470 exorans,
572 2391 730 2476 quatinus
754 2387 1068 2471 Constantinopolim
1094 2389 1256 2452 venientes

134 2493 207 2535 cum
221 2473 306 2555 ipso,
318 2474 348 2536 ei
363 2470 547 2537 auviliumf
558 2484 791 2559 prestaremus,
804 2481 840 2535 ut
850 2469 921 2556 ipse
937 2469 1135 2536 avunculum
1148 2494 1254 2554 suum,

135 2557 195 2640 qui
216 2579 297 2640 erpa
313 2566 445 2640 putrem
466 2581 562 2622 suum
582 2567 709 2623 tantam
723 2557 825 2621 scelus
836 2564 1097 2640 perpetraverat,
1115 2580 1136 2620 a
1150 2579 1255 2641 repno

131 2661 197 2723 per
218 2639 381 2704 vassilium
402 2651 549 2706 nostrum
570 2639 749 2726 expelleret,
772 2641 861 2725 quod
875 2663 941 2724 per
963 2641 1168 2706 ambitionem
1191 2641 1257 2705 sibi

136 2735 358 2808 usurpaverat
385 2735 414 2789 et
439 2727 557 2790 iniuste
574 2727 778 2811 possederat.
839 2723 1029 2808 Superbos
1061 2735 1167 2789 autem
1179 2724 1256 2808 fuit

134 2809 221 2871 inter
242 2830 301 2871 nos
323 2811 470 2872 munima
492 2810 652 2874 dissensio
667 2819 696 2872 et
714 2812 833 2894 inqens
848 2808 1003 2873 tumultus
1010 2831 1023 2890 ;
1045 2831 1153 2873 omnes
1168 2810 1255 2872 enim

135 2888 323 2954 clamabunt
349 2893 398 2957 ire
426 2892 521 2976 apud
547 2894 739 2975 siccarunt,
794 2893 872 2956 uuci
883 2892 1029 2975 fuerunt
1045 2893 1126 2976 plus
1155 2915 1255 2977 quam

135 2975 256 3058 vipinti
277 2975 357 3060 qui1¹
383 2975 697 3061 Constantinopolim
725 2915 977 3056 sciendassent,
1027 2999 1143 3040 uorum
1164 2974 1254 3060 fuiti

136 3080 225 3121 unus
247 3061 427 3140 marobi0*,
450 3061 591 3124 comes**
613 3059 841 3141 blandrensis,
864 3081 965 3124 comes
986 3000 1203 3124 Lirdemcmr
1227 3069 1256 3122 et

135 3140 198 3206 alii
220 3165 358 3227 quorum
379 3146 515 3208 nomina
538 3145 582 3208 acl
601 3167 737 3228 presens
758 3146 943 3208 reticentur.
990 3142 1056 3216 Qui
1070 3166 1177 3208 omnes
1198 3147 1256 3208 toti

134 3228 294 3290 exercitui
323 3228 521 3292 ostendentes
548 3227 730 3313 manifeste,
762 3227 849 3312 quod
877 3227 934 3290 via
967 3226 1255 3291 Ilervsolimitana

134 3319 208 3373 erat
229 3311 376 3374 omnibus
397 3311 528 3376 inutilis
550 3321 579 3375 et
600 3312 795 3396 dampnosa,
817 3333 890 3374 cum
916 3311 986 3394 ipsi
1015 3319 1119 3374 essent
1139 3313 1195 3374 inv
1221 3334 1254 3374 es

133 3403 163 3458 et
184 3393 381 3458 victualibus
403 3397 570 3475 immuniti,
591 3418 647 3458 nec
670 3405 748 3460 esset
763 3395 885 3478 aliquis
899 3396 985 3458 inter
999 3415 1052 3458 eos
1066 3396 1125 3478 qui
1137 3395 1183 3456 mi
1196 3396 1255 3457 ites
1340 3429 1341 3434 κ
1444 3387 1449 3396 ’

134 3477 181 3541 ad
210 3480 378 3562 stipendia
406 3489 435 3543 et
461 3479 648 3544 sariuntos¹
679 3480 725 3543 ad
752 3478 892 3543 solidam
922 3479 1093 3558 detineret,
1123 3476 1171 3541 vel
1198 3479 1256 3560 qui

129 3566 299 3646 petrarias
312 3563 443 3646 faceret
458 3564 617 3647 protrahi
638 3587 695 3628 nec
718 3563 789 3628 alia
811 3563 1030 3626 instrumenta
1046 3561 1160 3626 bellica
1172 3583 1252 3646 pro-

132 3647 221 3712 duci.
266 3648 410 3711 Tandem
432 3670 506 3712 vero
528 3649 586 3710 vin
608 3649 700 3712 nobis
724 3649 964 3732 acquieverunt,
979 3645 1042 3709 tali
1055 3654 1162 3709 tamen
1178 3666 1252 3708 con·

208 3771 236 3840 *)
258 3773 397 3824 Oonrsdus
416 3773 482 3825 acltl.
503 3771 554 3824 02.
666 3771 712 3839 **)
732 3773 880 3824 Balduinus
901 3773 965 3825 aad.
983 3772 1034 3824 02.

133 3879 157 3933 s)
174 3886 197 3922 et
214 3883 256 3923 02.
287 3880 380 3933 b)deest
395 3882 436 3924 02.
497 3882 518 3935 c)
533 3883 607 3933 primo
623 3883 719 3923 subactu
734 3885 764 3923 sit
779 3884 820 3926 dea
838 3882 880 3925 01.
896 3885 917 3924 2.
979 3880 1002 3933 d)
1013 3883 1119 3932 Epistola
1139 3882 1209 3922 rubra
1229 3883 1254 3922 r'n

132 3942 231 3990 momine
253 3941 304 3982 Bl.
348 3941 370 3993 e)
394 3942 495 3982 'I'lrssois
519 3943 567 3992 013
583 3943 692 3993 ‘l'yrsscls
708 3943 754 3981 131.
792 3942 810 3993 ἰ)
834 3944 859 3982 ln
882 3942 969 3984 s.B1.
1011 3940 1035 3991 g)
1052 3941 1160 3981 Achsron
1176 3943 1216 3982 01.
1234 3944 1253 3985 2.

121 3991 295 4100 'pprianptevuiscml
307 4000 424 4042 Constlt.
500 4001 518 4054 1>
534 4013 594 4042 unus
610 4001 655 4042 tuit
670 4003 711 4042 Οἳ,
787 4000 812 4053 k)
828 4001 884 4042 L.c
909 4001 952 4042 02.
1033 3997 1051 4050 l)
1068 4005 1189 4049 surgantur
1207 4001 1253 4050 023

135 4159 164 4228 1)
185 4160 276 4217 Simile
301 4165 396 4216 barum
422 4163 570 4216 litterarius
594 4164 730 4232 evemplar
761 4163 902 4216 ediderunt
927 4163 1048 4216 Mortuis
1078 4171 1102 4216 et
1125 4163 1253 4226 Durani,

139 4235 214 4289 Iber.
230 4239 255 4304 I,
271 4257 301 4306 p.
323 4237 391 4301 ’184,·
411 4254 442 4288 ea
462 4255 577 4304 queens
603 4237 682 4290 attali
707 4237 835 4302 lectiones,
860 4254 928 4304 qaae
947 4237 1047 4289 codices
1070 4245 1173 4288 nostros
1193 4254 1253 4288 cvn-

126 4313 240 4380 flrmare
260 4315 301 4364 vel
313 4313 452 4366 emendare
460 4321 582 4378 possunt.
611 4310 710 4365 Belitae
723 4321 785 4364 sant
798 4328 830 4364 en·
849 4318 959 4378 atroque
972 4309 1119 4377 evemplari
1131 4310 1253 4375 Bouquet

133 4395 201 4438 cont.
221 4386 335 4450 XVIII,
349 4404 380 4452 p.
401 4386 463 4437 517.
