3126 4976
294 385 330 434 00
489 382 676 436 ΟΗΒΟΝΙΟΔ
695 383 808 434 anull
829 382 1070 435 COLONIENSIS
1090 384 1122 433 A.
1144 382 1224 438 1158.

662 554 831 609 Receasio
850 555 877 606 1.
897 556 991 607 codd.
1012 556 1046 607 A.

171 656 212 708 up.
223 651 411 716 acianogotiis
430 650 493 711 suis,
509 650 560 700 iter
578 664 653 700 suum
673 664 766 699 versus
784 649 940 698 Ravennam
960 647 1085 712 dirigunt.
1115 649 1261 700 Venientes
1273 651 1365 716 itaque
1379 651 1418 701 ad

297 723 411 774 eandem
427 723 571 785 civitatem,
585 723 803 788 archiepiscopus
823 720 976 772 eiusdem
997 722 1182 772 civitatisa
1201 722 1303 773 habens
1322 739 1415 775 secum

300 797 334 846 14
354 798 503 863 episcopos,
519 811 585 862 quoa
599 796 632 844 ob
646 796 823 845 reverentiam
836 795 1004 860 imperatoris
1022 802 1225 858 convocaverat,
1240 811 1299 846 oum
1316 813 1420 862 magno

297 870 398 920 honore
418 884 464 919 eos
484 870 611 934 suscepit.
650 867 771 935 Cumque
790 867 955 933 legationem
974 869 1143 934 imperatoris
1164 869 1267 920 civibus
1290 871 1415 922 intimare

296 941 453 1005 voluissent,
473 935 680 992 Willehelmusb
701 941 835 1007 prefectus
856 940 975 991 eiusdem
995 941 1068 991 urbis
1086 947 1197 1007 totaque
1222 943 1340 994 civitatis
1366 960 1413 994 uc·

296 1015 388 1066 bilitas
415 1020 443 1065 et
466 1014 563 1066 militia
588 1015 745 1066 huchonam
768 1015 883 1080 profecti
908 1021 978 1076 sunt,
1003 1017 1166 1080 pecuniam⁶
1190 1031 1206 1066 a
1226 1016 1314 1067 Grcco
1338 1017 1416 1067 sibi

300 1090 521 1156 promissam⁰
552 1090 689 1154 accepturi
721 1093 748 1138 et
772 1089 949 1138 iuramentum
975 1087 1062 1138 fidei
1094 1103 1174 1138 suae
1207 1090 1233 1139 ei
1261 1092 1418 1155 prestaturi.

297 1162 416 1214 iuratum
443 1167 484 1212 est
509 1163 580 1211 enirn
608 1161 642 1211 ab
663 1162 702 1210 eis
729 1159 816 1210 eidem
841 1160 937 1223 Greco,
957 1162 1002 1226 qui
1016 1161 1145 1212 Ancbonc
1165 1163 1326 1225 morabatur,
1342 1165 1414 1230 quod

296 1236 350 1302 ipsi
368 1249 509 1302 personam
524 1237 581 1286 cius
598 1239 625 1284 et
643 1250 686 1285 res
706 1240 800 1284 contra
818 1249 922 1284 omnem
942 1232 1077 1284 hominem
1095 1237 1165 1285 tueri
1184 1235 1322 1286 deberent.
1351 1237 1414 1287 Rei-

297 1308 396 1360 noldus
425 1324 488 1373 ergo
518 1306 696 1358 cancellarius
726 1312 753 1357 et
781 1307 844 1358 Otto
887 1305 1022 1371 palatinus
1050 1307 1236 1359 Ravennae
1271 1314 1414 1372 morantes,

297 1380 412 1432 reditum
431 1380 536 1430 illorum
557 1385 667 1447 petente
688 1381 815 1446 episcopo
828 1377 1054 1445 prestolabantur.
1086 1380 1208 1448 Cumque
1221 1397 1273 1432 nou
1286 1382 1418 1444 redirent,

298 1453 446 1505 Reincldus
466 1459 493 1504 et
513 1456 576 1505 Otto
596 1455 635 1502 ira
654 1455 737 1504 moti
758 1454 891 1518 egressi
910 1459 972 1502 sunt
992 1453 1025 1503 de
1046 1455 1156 1504 civitate
1175 1462 1255 1521 post
1273 1455 1367 1518 illos,
1387 1461 1416 1506 et

299 1542 365 1578 ecce
384 1527 425 1576 illi
444 1527 478 1576 ab
497 1527 629 1578 Anchona
648 1533 813 1577 revertentes
833 1531 1006 1577 occurrerunt
1023 1528 1071 1590 eis,
1097 1543 1252 1592 magnum
1279 1528 1415 1594 pondus

299 1602 366 1661 curi,
393 1600 465 1666 quod
489 1617 506 1650 a
532 1601 642 1652 Gracc
668 1606 839 1665 acceperant,
865 1599 1025 1650 deferentes.
1064 1601 1149 1650 Erant
1167 1607 1255 1652 autem
1276 1603 1330 1651 fere
1351 1601 1414 1652 300.

298 1673 426 1725 Reinoldi
450 1679 539 1724 autem
567 1672 665 1724 militas
690 1689 743 1724 non
767 1671 881 1739 amplius
907 1688 987 1738 quam
1009 1673 1043 1722 10
1069 1679 1154 1724 erant.
1197 1673 1309 1726 irruit
1333 1691 1416 1741 ergo

298 1743 446 1813 spiri'tus
466 1746 693 1797 fortitudinis
711 1745 984 1809 iuReiuoldunr,
1002 1753 1034 1796 et
1052 1748 1086 1796 in
1100 1747 1243 1798 Domino
1257 1749 1414 1800 confisus

299 1820 496 1870 multitudinem
515 1819 621 1871 illorum
642 1836 701 1870 cnm
722 1822 816 1886 paucis
835 1821 890 1870 suis
910 1819 1014 1870 assiliit
1054 1820 1124 1870 Inito
1144 1823 1298 1882 certamine,
1319 1827 1415 1889 captus

300 1892 421 1944 estidem
438 1891 1159 1960 prefectusWillchelmusetfiliuseinsPetrus
1173 1895 1300 1945 etscxde
1317 1895 1414 1946 nobi-

298 1965 410 2018 lioribus
422 1968 546 2030 civitatis,
562 1968 672 2017 ceteri
692 1968 703 2018 l
707 1982 771 2031 aga
787 1967 832 2016 vix
849 1965 933 2032 elapsi
948 1973 1017 2016 sunt.
1038 1967 1108 2016 Dum
1125 1973 1213 2017 autern
1224 1967 1371 2020 Reinoldus
1386 1974 1415 2019 et

299 2041 341 2090 sui
350 2041 499 2092 Ariminum
519 2042 765 2108 appropinquarent
774 2035 796 2102 (¹,
817 2041 993 2105 promiserunt
1005 2041 1117 2090 nuncios
1130 2040 1166 2090 ad
1177 2040 1300 2092 consules
1321 2043 1351 2091 ci
1361 2057 1377 2092 v
1386 2043 1417 2092 i·-

299 2114 398 2177 tatia,
415 2116 628 2181 imperantes
649 2115 713 2175 eis,
734 2118 763 2163 ut
782 2113 834 2163 sibi
853 2119 1024 2163 occurrerent
1044 2119 1071 2162 et
1090 2129 1136 2164 eos
1155 2130 1214 2164 curn
1229 2116 1345 2180 captivis
1359 2116 1415 2166 suis

300 2188 475 2253 susciperent.
503 2188 579 2250 Quod
593 2186 633 2237 illi
652 2187 769 2238 statim
790 2202 849 2236 curn
870 2201 987 2249 magno
1008 2185 1107 2236 honore
1126 2188 1256 2237 iecerunt.
1286 2188 1416 2255 Sequenti

300 2265 390 2310 autem
410 2261 454 2310 dic
472 2275 565 2311 versus
583 2261 740 2310 Anchonam
759 2262 810 2310 iter
829 2274 905 2309 suum
922 2259 1048 2323 dirigunt.
1090 2260 1190 2310 Tantus
1217 2266 1307 2311 autern
1331 2267 1417 2313 terror

301 2349 393 2384 omnes
412 2335 585 2383 finitimas
605 2334 780 2384 civitates
800 2338 837 2382 et
861 2331 990 2396 oppida
1014 2333 1121 2395 invasit,
1150 2339 1180 2383 ut
1197 2334 1297 2398 singuli
1314 2334 1415 2386 clama·

300 2413 374 2458 rent:
395 2408 445 2457 ‘Ex
464 2421 517 2471 qno
535 2406 717 2467 Ravennates,
746 2407 792 2471 qui
818 2404 919 2454 domini
944 2410 1031 2454 terrae
1055 2406 1161 2456 istius
1182 2406 1313 2470 dicuntur,
1341 2409 1414 2475 capti

299 2485 369 2542 sunt,
390 2482 449 2544 quis
463 2479 562 2544 poterit
574 2478 689 2528 evadere
704 2478 737 2527 de
751 2477 874 2527 manibus
888 2483 1021 2531 tantorum
1037 2475 1216 2543 legatorum'?
1234 2481 1415 2532 Transeuntes

257 2588 262 2594 »
299 2555 413 2617 itaquae
432 2568 479 2617 per
499 2567 591 2601 omnes
611 2552 757 2601 maritimas
777 2551 909 2613 civitates,
935 2549 1066 2602 videlicet
1083 2552 1243 2615 Pisaurum,
1262 2555 1332 2604 Fan
1343 2570 1387 2604 um
1395 2547 1416 2618 ¹,

301 2624 491 2690 Senogallum,
512 2625 639 2675 honorem
660 2630 691 2675 et
708 2628 878 2674 terrorem
904 2623 1130 2676 advenientis
1158 2629 1290 2679 cesaris
1308 2627 1416 2679 difla-

300 2731 332 2743 b—
338 2735 361 2741 —·
369 2731 502 2744 '...-....-,.-

631 2785 799 2839 Recensc'o
818 2786 859 2840 ΙΙ.
880 2787 976 2839 codd.
996 2789 1031 2840 B.
1052 2787 1078 2840 0.

300 2881 352 2942 Qui
377 2880 526 2930 Bononiam
549 2879 697 2945 venientes,
722 2880 839 2946 peractis
862 2880 901 2930 ibi
931 2883 1051 2946 negociis
1080 2882 1338 2948 imperialibus,
1362 2883 1416 2934 Ra·

299 2968 415 3004 vennam
446 2959 679 3014 secesserunt,
709 2954 802 3020 ibique
831 2954 866 3004 ab
899 2954 1101 3024 archiepiscopo
1132 2957 1249 3008 civitatis
1272 2958 1356 3023 ipsius
1388 2961 1418 3008 et

300 3026 416 3078 multis
436 3025 518 3077 aliis
539 3026 673 3096 episcopis
692 3026 867 3078 honorifice
886 3030 1004 3093 suscepti
1023 3034 1093 3079 sunt.
1139 3029 1260 3094 Cumque
1280 3045 1416 3081 causam

300 3100 472 3152 adventus
499 3101 554 3152 sui
578 3101 682 3151 civibus
707 3101 830 3152 intimare
854 3099 1011 3162 voluissent,
1039 3102 1173 3167 prefectus
1198 3103 1317 3154 eiusdem
1343 3103 1417 3154 urbis

301 3180 328 3225 et
347 3175 477 3225 caeteri
503 3175 634 3241 quique
656 3174 816 3226 nobiliores
842 3191 881 3225 ex
906 3175 988 3225 urbe
1009 3175 1238 3237 secedentes,
1257 3175 1415 3226 Anchonam

299 3249 413 3315 profecti
442 3253 513 3309 sunt,
545 3248 645 3313 qnasi
675 3263 742 3299 nou
773 3248 974 3314 imperatori
1005 3247 1247 3310 Romanorum,
1268 3249 1328 3297 sed
1349 3248 1415 3298 Gre·
1483 3288 1491 3300 .

300 3337 413 3372 corum
442 3337 490 3389 pro
519 3323 634 3387 pecunia
662 3322 714 3372 sibi
747 3323 879 3387 promissa
907 3318 1088 3370 fidelitatem
1117 3319 1266 3369 debitam
1292 3335 1415 3370 serva·

230 3444 238 3452 ,
300 3396 361 3446 turi.
427 3395 567 3458 Quibus
594 3394 830 3445 redeuntibus
872 3397 985 3456 accepta
1025 3392 1190 3456 pecunia,
1229 3393 1416 3457 predictus

300 3468 479 3520 cancellarius
511 3469 550 3519 eis
570 3469 694 3534 occurrit,
721 3473 755 3526 ct,
786 3467 852 3517 inito
882 3464 1037 3524 certamine,
1064 3479 1123 3514 oum
1151 3464 1186 3513 10
1204 3465 1259 3515 suis
1283 3465 1337 3514 300
1356 3464 1416 3517 illo-

298 3559 356 3596 rum
380 3542 491 3609 fugere
518 3540 699 3606 compulit,
727 3541 814 3604 ipsum
838 3537 987 3604 prefectum
1015 3553 1074 3586 cum
1098 3535 1153 3586 filio
1184 3543 1211 3588 et
1241 3544 1309 3589 sext
1340 3539 1417 3590 nobi-

299 3616 413 3668 lioribus
438 3616 511 3684 cepit
537 3627 682 3679 secumque
702 3612 849 3662 Ariminum
876 3603 1052 3660 deduxith.
1104 3609 1236 3675 Sequenti
1255 3618 1344 3662 autem
1372 3611 1416 3663 die

299 3704 391 3740 versus
410 3687 568 3738 Ancbonam
587 3687 639 3735 iter
658 3685 824 3750 arripuit,
845 3688 872 3734 et
899 3681 974 3731 dum
1001 3698 1073 3733 eum
1105 3685 1290 3749 suscipere
1315 3701 1415 3736 renu-

300 3765 411 3822 erent,
430 3761 551 3810 urbem
572 3773 643 3808 cum
666 3757 828 3807 exercitu
849 3755 1084 3807 circumdedit
1104 3757 1274 3823 civesque
1294 3759 1334 3809 ad
1355 3760 1416 3810 de·

300 3832 469 3884 ditionem
494 3831 624 3895 coegit.
675 3829 739 3880 Post
769 3829 821 3879 hec
851 3827 1099 3880 intercedente
1131 3831 1337 3900 archiepiscopo
1361 3833 1415 3882 Ra·

299 3906 409 3955 vennati
434 3921 482 3970 pro
510 3905 649 3954 civibus
678 3904 742 3966 suis,
768 3918 835 3968 quos
861 3901 1101 3954 cancellarius
1133 3910 1227 3971 captos
1251 3904 1415 3965 tenebat,

301 3992 392 4029 eorum
418 3969 681 4028 ab'solutionem
707 3976 848 4037 meruit,
874 3981 983 4041 totaque
1016 3977 1111 4028 civitas
1138 3976 1236 4030 domno
1262 3979 1416 4044 imperatori

300 4050 458 4102 fidelitatem
490 4051 677 4100 iuramento
703 4050 877 4110 firmavit,
904 4048 976 4115 quod
1002 4056 1063 4100 ante
1088 4050 1141 4099 200
1166 4067 1250 4103 annos
1276 4051 1342 4101 nulli
1365 4052 1415 4101 im·

299 4130 451 4193 paratorum
471 4122 599 4173 exibitum
616 4123 711 4174 iuerat.

300 4279 464 4332 alurbisAtl.
525 4277 549 4331 b)
565 4280 703 4321 wilhelmus
719 4279 769 4320 Ar.
830 4278 1188 4330 clpeouuia-promlssadl.
1249 4274 1273 4329 d)
1289 4288 1356 4328 prop.
1372 4278 1415 4321 Ar.

300 4338 322 4392 c)
339 4341 543 4389 Transeuntesque
560 4339 609 4378 Al.
677 4338 828 4391 Moratum
844 4339 903 4408 epist.
920 4339 935 4378 l.
952 4352 970 4382 s.
987 4355 1016 4375 =
1032 4338 1056 4391 g)
1074 4340 1085 4379 'l
1104 4339 1148 4379 08.
1208 4333 1233 4388 h)
1247 4336 1314 4378 duxit
1330 4336 1372 4378 02.
