2988 5058
311 349 557 402 CONTINUATIO
577 350 732 404 MARTINI
754 351 1007 405 COLONIENSIS.
1167 356 1222 408 369

76 517 278 604 Hospitalis
315 517 426 585 Sancti
463 517 614 583 Iohannis
657 519 691 583 in
725 518 811 584 bello
848 518 948 585 multo
985 520 1094 588 labore
1130 544 1220 588 recu-

109 611 241 668 oratur.

77 624 105 688 p
183 687 309 751 Horum
346 686 449 751 eciam
485 687 668 772 principum
705 687 914 773 temporibus,
950 687 1104 754 videlicet
1135 712 1218 755 anno

81 771 233 835 Domini
258 771 350 854 1326,
382 769 503 835 heresis
533 771 670 857 quedam
703 770 871 858 propalata
902 781 949 837 est
977 771 1119 854 Colonie,
1157 797 1218 861 que

80 856 191 920 annis
213 855 375 941 aliquibus
397 855 577 936 duraverat,
606 855 768 943 adquam
799 856 1045 920 examinandam
1076 879 1149 922 curn
1177 881 1219 924 ex

83 950 253 1026 precepto
269 939 390 1004 domini
411 939 560 1004 Heinrici
580 938 814 1027 archiepiscopi
831 938 1031 1006 Coloniensis
1054 942 1115 1007 viri
1136 941 1219 1008 litte·

83 1025 166 1105 rati,
192 1025 305 1090 fratres
327 1023 559 1104 Predicatores‚
582 1023 723 1089 Minores
753 1021 859 1088 etalii
883 1047 980 1110 quam
1009 1024 1118 1110 plures
1148 1026 1218 1091 reli-

83 1108 183 1193 giosi
199 1109 347 1173 advocati
363 1107 498 1174 fuissent
512 1116 544 1172 et
558 1109 662 1194 ipsam
673 1108 811 1173 heresim
828 1110 970 1172 maxima
985 1108 1217 1174 deliberacione

15 1195 18 1206 '
85 1201 124 1257 et
153 1191 257 1258 multo
284 1201 428 1278 tempore
458 1193 667 1281 discuterem,
700 1192 823 1279 aliquos
856 1215 897 1257 ex
929 1194 1009 1279 ipsis
1037 1193 1079 1258 ad
1107 1216 1218 1259 veram

85 1275 194 1341 fidem
219 1286 454 1358 converterunt,
477 1276 603 1341 duobus
626 1276 845 1342 sacerdotibus
868 1287 900 1342 et
915 1299 979 1341 uno
1001 1276 1082 1342 laico
1105 1288 1137 1343 et
1159 1301 1217 1344 sex

87 1360 227 1426 feminis
257 1363 290 1425 in
320 1360 456 1446 pertidia
482 1361 771 1446 perseverantibus,
815 1360 907 1425 Unus
936 1371 1043 1426 autem
1071 1362 1110 1427 de
1141 1361 1218 1428 duo-

87 1445 155 1510 bus
185 1444 404 1511 sacerdotibus
431 1448 561 1510 nomine
589 1444 791 1526 Waltherus‚
821 1447 877 1531 qui
912 1455 944 1509 et
973 1445 1086 1510 ductor
1114 1447 1216 1532 ipsius

87 1527 217 1677 her'esds
247 1531 362 1613 extitit,
392 1530 485 1594 vivus
515 1538 649 1594 exustus
671 1539 751 1611 est1,
780 1530 942 1617 ceterique
970 1542 1126 1616 perpetuo
1150 1553 1217 1596 car-

89 1635 162 1678 cem
208 1615 339 1680 eutati.

181 1637 285 1783 Igitur
306 1706 380 1783 post
400 1708 535 1761 mortem
559 1696 632 1760 dive
662 1698 815 1761 memorie
837 1697 984 1760 Heinrici
1013 1697 1216 1784 imperatoris

90 1782 259 1868 principes
282 1791 313 1845 et
335 1781 480 1846 civitates
501 1779 592 1846 Italic
614 1781 647 1843 in
671 1781 831 1845 contraria
847 1780 953 1846 studia
972 1780 1216 1867 scindebantur3

91 1865 182 1930 unde
206 1875 239 1930 et
260 1862 465 1950 alienigenas,
489 1863 611 1928 scilicet
634 1863 812 1929 Germanos
834 1873 866 1928 et
888 1862 1028 1928 Gallicos
1049 1865 1102 1931 vel
1124 1889 1218 1953 quos-

92 1970 223 2035 cunque
260 1946 348 2032 alios‚
384 1949 509 2034 magnis
546 1948 714 2034 stipendiis
752 1948 813 2013 sibi
846 1947 1064 2030 attrahebant,
1100 1953 1145 2014 ita
1182 1961 1218 2016 ut

93 2035 225 2120 cognati
248 2039 401 2118 cognatos
423 2042 455 2097 et
475 2032 587 2096 affines
615 2043 647 2098 et
668 2033 769 2096 vicini
796 2033 920 2097 vicinos
948 2033 1165 2100 interficerent
1186 2045 1217 2101 et

92 2117 351 2203 pessumdarent.
385 2115 481 2197 Quod
504 2115 576 2182 ideo
592 2118 712 2182 factum
728 2127 785 2195 est,
808 2125 844 2181 ut
857 2116 1069 2202 plurimorum
1085 2120 1217 2204 opinioa
1237 2153 1238 2156 ¹

95 2200 253 2285 sehabet,
299 2201 353 2265 uia
366 2223 501 2286 regnum
516 2200 631 2267 celeste
638 2193 866 2287 'acephalumlt
890 2200 989 2266 idest
1011 2203 1079 2268 sine
1101 2204 1217 2290 capite,

94 2288 213 2352 extitit.
290 2285 352 2351 nde
374 2307 505 2350 versus:

252 2371 343 2438 Dum
366 2380 467 2456 caput
489 2380 624 2456 eqrotat,
649 2372 756 2434 omnia
778 2370 919 2435 membra
942 2369 1058 2435 doleat.

180 2453 311 2519 Certum
333 2466 443 2519 autem
466 2465 523 2536 est,
547 2454 634 2541 quod
657 2456 791 2522 Creator
813 2476 870 2520 sue
892 2453 1034 2540 presidet
1062 2464 1217 2536 creature,

94 2547 127 2603 et
163 2539 250 2625 quod
285 2540 369 2605 iusto
406 2549 439 2604 et
474 2538 745 2638 irreprehensibili
780 2539 887 2639 agitur
919 2538 981 2603 Dei
1016 2539 1145 2638 iudicio,
1183 2551 1219 2638 ut

95 2622 274 2687 secundum
310 2627 422 2688 merita
458 2623 532 2688 olen
566 2633 598 2688 et
632 2623 743 2709 populi
775 2621 947 2710 aliquando
984 2622 1121 2687 ecclesia
1154 2623 1218 2688 De1

95 2704 213 2771 habeat
233 2707 440 2788 advocatum,
473 2707 644 2856 alipuando
677 2707 815 2790 nullum,
849 2706 1021 2793 aliquando
1049 2729 1133 2806 vero·
1157 2729 1216 2794 pro

96 2811 172 2938 rpge
193 2791 374 2854 tirannumc
396 2789 439 2854 ad
454 2792 509 2855 vin
533 2793 654 2858 rotam<¹
676 2793 887 2879 reproborum
910 2790 1005 2856 etad
1027 2793 1218 2858 exerc1tium

100 2897 117 2940 e
129 2884 280 2939 actorum.

100 3035 122 3090 ι)
138 3039 230 3089 oppinio
246 3049 263 3079 c.
325 3036 348 3088 b)
366 3038 517 3087 acceptatum
533 3049 550 3078 c.
612 3035 632 3090 c)
649 3038 795 3078 thirrannum
811 3050 827 3081 c.
889 3036 913 3089 d)
929 3039 1032 3078 vinctam
1047 3049 1065 3081 o.

103 3169 129 3237 1)
150 3168 188 3237 CJ.
208 3169 271 3222 Not.
291 3168 379 3222 C'olon.
400 3170 417 3221 l.
438 3170 455 3220 l.
470 3187 500 3236 p.
521 3170 584 3222 365.
