2988 5058
278 392 333 442 sto
454 391 604 445 uosvnu
624 391 669 440 DE
688 388 844 442 EXPUCN.
865 389 1045 442 sanaem:
1066 389 1225 442 CARMEN.

362 559 433 623 Hec
454 559 518 622 ruit
538 557 580 622 ad
601 565 723 639 cautes,
744 557 778 620 in
800 554 897 620 humo
919 555 1082 621 colliditur
1102 554 1165 638 illa,

307 659 342 706 40
427 643 571 708 Vertitur
590 641 652 706 ista
673 642 760 723 ratis,
782 639 837 705 illa
857 640 998 726 repletur
1019 641 1123 726 aquis,

362 727 408 792 Et
427 725 549 812 relique
571 735 700 811 portum
722 723 872 806 subeunt,
894 724 952 790 sed
973 746 1037 789 non
1059 726 1128 790 sine
1149 745 1274 810 magno

424 810 577 892 Planctu3
599 831 739 907 namque
760 808 833 874 tulit
854 830 968 894 aspera
990 829 1053 894 que
1076 830 1117 874 ue
1138 812 1226 873 ratis.

362 893 434 959 Hac
456 895 573 960 etenim
596 914 733 980 puppim
754 891 893 957 laceram
906 895 1026 978 gemit,
1048 893 1055 908 '
1081 914 1101 956 a
1123 893 1283 978 carinam,

424 978 495 1043 Hec
516 977 607 1042 navis
629 997 759 1062 proram
780 974 906 1062 plangit
926 987 959 1042 et
979 975 1034 1040 illa
1054 987 1165 1042 ratem.

305 1078 340 1126 45
364 1061 459 1128 Cedit
479 1083 581 1148 yeme,
604 1061 708 1124 socios
730 1061 933 1146 compiscans
955 1059 1008 1126 hic
1030 1059 1094 1144 flet,
1117 1082 1196 1146 opes
1217 1061 1298 1144 hi03

423 1145 481 1211 Ille
502 1145 611 1230 legens
633 1144 739 1209 lacere
759 1144 915 1231 naufraga
936 1144 1084 1210 membra
1103 1146 1191 1227 ratis,

360 1230 431 1295 Iam
452 1238 581 1316 reparat
600 1230 685 1294 vires
706 1227 828 1310 classis,
850 1252 909 1294 sua
930 1228 1063 1294 vulnera
1084 1231 1197 1315 quevis

424 1312 581 1397 Curatur,
603 1322 754 1378 resonant
773 1311 880 1378 littora
901 1311 987 1378 mille
1008 1313 1122 1379 modis.

360 1441 475 1506 Eurus
497 1433 642 1515 discedit,
663 1432 812 1519 zephirus
835 1432 1005 1515 blanditur,
1027 1443 1060 1498 et
1080 1434 1126 1497 irc

305 1534 340 1584 to
425 1519 594 1605 Tanquam
616 1518 760 1604 peniteat
780 1539 824 1599 se,
845 1516 927 1582 freta
947 1517 1066 1582 blanda
1086 1525 1211 1605 parent.

360 1603 390 1666 Ε
436 1612 508 1666 ortu
530 1601 616 1666 cedit
634 1599 755 1683 classis,
777 1601 834 1666 sed
855 1599 903 1665 ibi
924 1612 1030 1666 tamen
1053 1611 1164 1666 erent⁸

452 1708 516 1772 upa
538 1686 601 1751 due
622 1706 721 1750 naves
741 1684 1009 1784 naufragiumque
1030 1685 1145 1752 ferunt.

358 1771 502 1834 Auriferi
523 1768 648 1869 rehqua
669 1767 780 1833 classis
802 1771 884 1854 petit
905 1779 986 1834 ostra
1008 1768 1105 1856 Tagi3

423 1855 517 1918 Hanc
539 1862 656 1938 recipit
699 1861 786 1918 ortus
809 1875 927 1918 nomen
947 1852 1071 1918 Ulixsis
1094 1852 1224 1919 habens.

304 1953 338 2002 65
360 1935 453 2002 Illam
476 1936 657 2003 christicole
676 1876 819 2001 letantur
839 1937 966 2020 adesse3
988 1937 1128 2022 benigne

420 2021 558 2087 Advcna
579 2021 764 2120 suscipitur,
785 2020 1031 2121 hospiciumque
1053 2021 1157 2090 datur.

357 2103 470 2172 Presul
490 2106 582 2171 adest
601 2113 714 2192 patric,
736 2127 921 2192 peregrinos
942 2115 1099 2188 munerat,
1122 2127 1232 2172 omnes

422 2189 599 2271 Convocat,
620 2189 737 2254 affatur
758 2199 791 2254 et
810 2190 865 2274 pia
886 2188 985 2256 verba
1007 2193 1096 2256 serit:

359 2273 399 2340 ‘O
421 2273 545 2355 fratres,
567 2272 679 2338 famuli
698 2272 828 2356 Christi,
851 2277 956 2338 crucis
978 2273 1124 2339 hostibus
1146 2273 1265 2356 hostes,

303 2373 338 2422 60
424 2357 592 2444 Spretorcs
614 2357 726 2423 mundi
747 2359 948 2444 martiriiquc
970 2357 1080 2441 decus,

356 2441 403 2508 Ut
447 2452 521 2525 atet,
543 2443 585 2507 ad
605 2452 731 2506 nostras
753 2442 913 2506 Dominus
934 2463 992 2506 vos
1014 2442 1117 2528 apulit
1138 2441 1242 2524 horas,

452 2538 466 2592 t
486 2537 596 2614 pereat
615 2535 759 2591 nostrum
781 2535 888 2590 vestra
907 2549 967 2612 per
988 2547 1078 2590 arma
1098 2527 1221 2612 iugum.

355 2610 417 2675 Est
460 2633 538 2698 rope
559 2632 618 2675 nos
640 2619 779 2674 castrum
801 2631 899 2696 super
921 2610 1028 2676 omnia
1050 2620 1156 2676 castra
1176 2610 1333 2676 nocivum

419 2633 628 2775 Christicolis,
649 2715 766 2758 nomen
786 2692 920 2760 Alcaser
939 2693 1019 2759 illud
1040 2694 1146 2760 hahet.

301 2794 335 2843 65
359 2777 419 2842 ‘Al'
442 2779 600 2860 deusest,
623 2787 828 2865 castrumque
850 2781 969 2861 ‘caser’,
992 2789 1197 2864 castrumque
1219 2776 1362 2844 deorum

418 2862 534 2927 Fertur
554 2860 642 2947 apud
663 2871 789 2946 gentes,
811 2861 845 2926 id
866 2871 1071 2946 venerantur,
1092 2872 1209 2928 amant.

356 2945 432 3011 Huc
453 2945 495 3010 ad
516 2946 693 3035 perniciem
715 2955 857 3011 nostram
878 2967 938 3011 sua
958 2968 1094 3012 munera
1114 2947 1246 3011 mittunt

419 3031 594 3118 Armaque,
616 3051 690 3095 cum
712 3041 840 3117 tempus
862 3031 974 3095 mortis
985 3031 1108 3096 'adesse
1129 3039 1257 3117 putant3

357 3113 608 3201 Castrensesque
631 3136 689 3178 suo
710 3117 780 3200 regi
801 3114 879 3179 dant
900 3113 1018 3180 colibet
1038 3136 1122 3180 anno

301 3212 334 3262 70
420 3197 558 3265 Centum
579 3197 793 3281 christicolas3
820 3197 975 3263 solvimus
996 3199 1058 3264 ista
1079 3197 1219 3299 quidem.

353 3284 394 3348 In
438 3285 522 3348 uinis
541 3283 650 3348 lustris
672 3282 839 3347 hominum
860 3292 909 3348 ter
929 3281 1020 3347 milia
1040 3304 1139 3370 quma

416 3306 470 3432 llti
492 3376 647 3453 ceperunt
669 3367 737 3431 sive
758 3366 876 3432 dedere
898 3369 979 3432 neci.

354 3494 440 3562 Rex
455 3487 601 3553 Christus
615 3486 710 3552 nobis
725 3486 817 3552 dabit
837 3487 889 3552 hic
911 3509 970 3552 sua
983 3508 1085 3574 regna
1098 3485 1261 3569 merenda,

418 3571 537 3638 Hostes
556 3571 615 3636 hos
636 3571 704 3636 eius
725 3572 851 3636 menteh
873 3573 1006 3638 terendo
1027 3592 1134 3636 manu.

302 3671 336 3722 tt
358 3657 431 3720 Non
451 3658 533 3721 erit⁰
554 3655 617 3720 hoc
638 3676 722 3720 anno
743 3653 836 3720 vobis
859 3656 960 3721 Sacra
980 3656 1082 3722 Terra
1102 3653 1251 3741 petenda,

416 3740 562 3805 Navibus
584 3739 645 3804 hoc
666 3741 785 3804 etenim
806 3749 933 3826 tempus
954 3750 987 3806 et
1007 3761 1087 3804 aura
1108 3747 1228 3804 vetant.

354 3825 486 3890 Vestros
509 3822 666 3889 consulite
687 3833 812 3905 nautas,
836 3824 954 3910 quibus
976 3825 1103 3911 equoris
1125 3822 1205 3889 arcti

417 3909 580 3994 Estusquc
600 3908 747 3973 instantis
768 3909 922 3994 temporis
944 3930 1022 3974 aura
1042 3915 1140 3993 patet.

355 3993 443 4078 Ergo
465 3991 580 4078 aliquit
599 3991 705 4074 facite,
728 3992 887 4058 Sathanas
908 4016 949 4058 ne
969 3992 1111 4077 reperiat
1132 4011 1191 4057 vos

296 4092 331 4142 80
416 4076 499 4142 Ocia
520 4085 688 4157 sectantes,
709 4097 772 4163 que
794 4075 879 4142 mala
900 4097 1026 4164 queque
1048 4083 1171 4140 necant.

355 4161 437 4228 Oria
457 4161 591 4225 virtutes
611 4159 732 4226 viciant
753 4169 785 4224 et
805 4162 920 4227 mentis
941 4160 1095 4226 honorem

417 4243 564 4330 Carpunt
584 4252 617 4308 et
636 4266 742 4310 mores
762 4247 1027 4332 propositumque
1048 4245 1148 4329 pium.

270 4407 293 4460 a)
309 4409 323 4451 t.
341 4419 358 4449 e.
374 4409 479 4452 haerent.
538 4405 563 4459 b)
579 4408 611 4448 itu
626 4407 658 4447 ed.
719 4405 740 4458 e)
757 4410 852 4450 Noverit
866 4409 898 4452 cd.
