3102 4978
273 428 339 480 XVI
534 426 722 480 CHRONICA
741 427 855 479 REGIA
875 425 1131 480 COLONIENSIS.

273 619 326 662 res
356 597 555 682 praesertim
594 595 818 662 Colonienses1
861 597 1051 661 accuratius
1086 618 1270 682 euponens,
1312 600 1399 665 notis

275 681 470 762 domesticis,
491 689 528 743 ut
548 680 687 762 uidetur,
710 680 886 763 adiutus¹,·
917 681 1013 744 etiam
1035 680 1223 767 catalogum
1245 683 1399 749 abbatum

275 767 468 830 monasterii
489 766 554 846 sui,
576 767 670 829 utin
688 766 805 849 prima
825 763 905 828 libri
913 773 1012 849 parte
1035 774 1194 849 coeperat,
1217 770 1398 852 continuat,
1477 800 1483 814 ·

270 859 445 935 praeterea
499 871 584 913 auca
597 893 600 900 -
613 847 749 912 aliunde
771 858 878 936 sumta
908 849 1013 931 addit,
1042 872 1126 935 quae
1147 872 1188 912 eoc
1208 849 1399 917 Annalibus

275 933 456 1019 deperditis
463 871 773 1016 dosenfeldensibus
786 934 964 1018 repetenda
987 955 1053 999 esse
1069 934 1252 998 uidenturt.
1274 935 1398 999 Pader·

274 1019 447 1082 bornenses
473 1027 504 1080 et
531 1018 642 1102 ipsum
662 1016 827 1097 evoluisse,
859 1015 950 1082 rsullo
977 1017 1045 1082 loco
1070 1017 1247 1103 probatum
1275 1041 1397 1101 censeo,

273 1123 376 1186 neque
397 1102 435 1166 in
445 1103 560 1186 priori
570 1110 690 1187 parte⁴
706 1123 760 1165 eos
782 1101 971 1167 adhibuisse
985 1103 1145 1166 uideturt.
1189 1101 1300 1168 Annis
1315 1103 1397 1168 1152

273 1185 411 1250 -1157.
422 1188 574 1251 narratio
586 1185 718 1272 lonpius
731 1209 753 1249 a
762 1186 938 1270 primaeva
952 1185 1132 1252 Chronicae
1142 1186 1397 1273 re9iaeforma⁶

273 1272 411 1352 recedit;
437 1280 554 1354 postea
576 1291 652 1333 uero
674 1270 785 1352 (1158.
811 1270 1038 1350 1164-1175)
1067 1272 1116 1335 ita
1144 1273 1231 1336 inter
1260 1295 1292 1336 se
1320 1295 1394 1337 con·

273 1357 418 1434 ueniunt,
434 1364 480 1436 ut,
496 1355 527 1418 si
542 1354 672 1418 abbates
687 1353 722 1419 S.
734 1352 949 1419 Pantaleonis
964 1356 1126 1439 excipias,
1138 1394 1182 1404 -
1192 1364 1221 1420 et
1235 1356 1273 1420 in
1288 1357 1397 1422 codice

277 1438 306 1506 Ο
318 1438 334 1501 1
366 1462 406 1502 ne
436 1439 472 1502 hi
504 1437 634 1522 quidem
667 1435 821 1524 lepuntur
842 1477 885 1486 —
906 1440 964 1501 oisc
996 1438 1127 1503 uerbum
1158 1447 1318 1505 mutatum
1347 1440 1397 1504 uel
1461 1431 1471 1452 ”

275 1522 426 1586 additum
439 1523 602 1587 invenias.
642 1520 739 1596 Quod
752 1522 912 1606 quomodo
923 1521 1058 1607 factum
1076 1525 1129 1604 sit,
1151 1524 1298 1589 nondum
1313 1525 1396 1594 satis

270 1608 422 1692 perspici
453 1615 566 1692 potest.
610 1605 700 1670 Nam
738 1607 853 1670 horum
890 1629 1053 1672 annorum
1089 1608 1262 1672 historiam
1299 1607 1398 1672 alteri

274 1690 384 1755 deberi
416 1693 571 1775 scriptori
579 1702 601 1770 ²,
630 1693 661 1755 si
684 1689 867 1757 Chronicae
894 1694 1007 1777 repiae
1035 1693 1195 1778 oripinem
1226 1701 1309 1757 reete
1341 1715 1395 1755 esc·
1473 1745 1475 1752 .

268 1778 454 1860 posuimus,
469 1776 571 1839 statui
584 1775 706 1860 nequit.
735 1774 851 1839 Rima
865 1797 941 1840 uero
956 1777 1201 1840 continuatione
1215 1777 1396 1841 monachus

273 1858 529 1924 S.Pantaleonis
543 1881 631 1924 more
644 1869 741 1923 antea
753 1869 905 1924 consueto
915 1881 997 1923 usus
1011 1870 1074 1925 est:
1090 1859 1251 1926 nonnulla
1263 1861 1397 1925 addidit
1476 1902 1478 1908 ·

272 1943 323 2008 oel
335 1945 474 2008 mutavit
483 1953 505 2024 ⁸,
520 1943 683 2030 quaedam
695 1943 791 2007 aliter
802 1943 974 2027 disposuit,
989 1946 1154 2010 interdum
1169 1968 1205 2010 eo
1215 1954 1395 2029 permotus,

274 2027 362 2113 quod
383 2050 509 2092 annum
532 2051 553 2092 a
570 2027 730 2112 paschali
750 2038 890 2113 tempore
911 2029 1043 2115 incipit,
1060 2030 1137 2093 dum
1160 2039 1257 2093 antea
1271 2029 1350 2094 inde
1373 2050 1395 2091 a

276 2233 304 2301 1)
324 2233 398 2288 Nota
418 2244 563 2302 praeterea
589 2251 657 2301 quae
678 2254 704 2288 a.
727 2235 806 2290 1160,
832 2235 865 2285 de
889 2235 1012 2286 incendio
1032 2232 1153 2286 ecclesiae
1176 2233 1351 2286 Traiectensis
1371 2242 1396 2285 et

274 2325 350 2361 cruce
373 2308 469 2360 illaesa
494 2310 523 2360 in
547 2309 659 2360 ecclesia
684 2327 706 2360 s.
731 2306 870 2371 Bonisacii
894 2315 989 2357 manet.
1101 2307 1131 2372 2)
1157 2325 1183 2358 a.
1207 2309 1287 2358 1112.
1314 2307 1394 2359 1119.

274 2383 355 2436 1114.
383 2383 463 2434 1122.
491 2383 570 2433 1146.
599 2381 678 2432 1160.
706 2380 785 2429 1162.
836 2376 976 2429 Lehmann
999 2397 1030 2444 p.
1058 2381 1092 2429 10
1115 2398 1179 2446 sqq„
1212 2379 1255 2431 cui
1282 2379 1405 2432 Platner·

268 2473 300 2522 p.
318 2469 393 2510 XVII.
414 2455 567 2517 assentitur,
590 2453 655 2504 haec
677 2469 710 2504 ecc
729 2453 847 2519 catalopo
867 2451 992 2502 abbatum
1017 2451 1046 2504 S.
1060 2452 1230 2505 Pantaleonis
1249 2453 1395 2520 repetenda

273 2529 368 2591 duuit,·
388 2533 484 2593 postea
508 2527 542 2578 de
565 2525 708 2577 annalibus
734 2524 766 2577 S.
784 2525 956 2577 Pantaleonis
982 2525 1106 2592 loquitur.
1152 2525 1228 2589 Quod
1251 2526 1281 2578 in
1306 2527 1394 2580 medio

272 2602 409 2668 relinquo,
485 2601 514 2666 3)
536 2617 561 2650 a.
589 2598 669 2654 1111.
695 2601 775 2650 1113.
825 2598 903 2650 Haec
927 2599 964 2651 ad
988 2597 1108 2651 Annales
1133 2599 1162 2651 S.
1180 2600 1281 2652 Albani
1303 2599 1395 2652 retulit

274 2673 551 2740 Scheffer-Boicharst,
577 2690 667 2725 eorum
691 2673 838 2739 exemplari
861 2671 957 2724 addita
974 2673 1075 2738 fuisse,
1098 2670 1191 2725 statuit
1208 2673 1323 2736 Schum,·
1347 2673 1394 2726 sed

274 2749 353 2801 etiam
372 2765 397 2802 a.
419 2746 498 2798 loss.
524 2756 617 2798 auctor
642 2747 676 2798 iis
695 2763 759 2798 usus
779 2763 835 2799 esse
859 2745 975 2798 uidetur.
1017 2745 1069 2808 Qut
1090 2763 1176 2812 nuper
1195 2745 1314 2800 Annales
1332 2745 1393 2799 illos

272 2820 410 2874 restituere
434 2828 545 2872 conatus
565 2828 611 2884 est,
630 2819 774 2884 Buchhcle,
801 2817 863 2872 ‘Die
881 2818 1054 2886 thrzburper
1079 2818 1201 2871 Chronih'
1220 2838 1252 2887 p.
1273 2822 1307 2872 60
1326 2839 1392 2886 sqq„

272 2895 338 2946 haec
351 2893 542 2960 praetermisit,
562 2895 609 2946 secl
627 2910 710 2944 tenum
725 2894 832 2959 primae
850 2891 1010 2944 recensionis
1029 2894 1114 2945 locum
1133 2893 1232 2961 (1116)
1250 2892 1285 2946 iis
1304 2892 1400 2944 vindi

273 2967 352 3020 eave.
388 2966 480 3020 Huius
498 2983 559 3020 uero
580 2976 672 3020 auctor
690 2967 798 3019 minime
819 2983 864 3018 eos
883 2965 986 3018 noeism
1004 2967 1120 3019 uidetur.
1214 2967 1244 3032 4)
1263 2965 1392 3033 Scheffer·

272 3041 412 3092 Balchorst
434 3059 468 3108 p.
497 3041 542 3093 22.
574 3046 643 3093 recte
670 3057 724 3091 non
757 3046 818 3092 ante
844 3057 869 3091 a.
901 3041 981 3091 1106.
1013 3038 1132 3091 Annales
1159 3039 1393 3092 Padsrbornerues

273 3113 405 3166 adhibitos
425 3131 480 3167 esse
498 3112 639 3177 contendit,
660 3132 691 3180 p.
713 3115 756 3168 63,
776 3130 838 3165 nero
858 3113 936 3164 etiam
955 3114 1087 3166 secundae
1107 3112 1266 3165 recensionis
1293 3113 1393 3178 (idest

267 3189 375 3254 primae
388 3188 493 3253 partis)
519 3197 652 3240 auctorem
681 3204 712 3239 ex
735 3185 769 3239 iis
788 3186 909 3238 hausisse
927 3186 1021 3238 statuit
1028 3206 1038 3250 ‚·
1063 3187 1110 3239 sed
1134 3186 1241 3238 minime
1263 3187 1311 3238 hoc
1328 3203 1391 3252 pro·

272 3261 353 3313 bavit.
466 3260 496 3326 6)
521 3261 595 3312 Unus
621 3269 658 3312 est
683 3262 763 3322 locus,
795 3278 821 3311 a.
843 3261 922 3310 1179.
946 3277 1017 3311 mors
1039 3259 1179 3327 Meinsridi
1208 3258 1316 3322 comitis,
1345 3257 1393 3324 qui

272 3335 310 3386 ad
337 3335 408 3386 Ann.
436 3333 553 3386 Paderb.
585 3334 710 3387 accedere
738 3333 856 3396 uidetur,
888 3333 965 3383 cuius
989 3334 1094 3398 fontem
1121 3334 1243 3387 indicare
1272 3348 1373 3397 nequeo
1380 3349 1391 3394 ,-

271 3410 306 3474 es.
325 3406 424 3460 Schum
443 3416 473 3474 p'.
494 3409 538 3460 99.
651 3405 680 3473 6)
701 3407 764 3458 Non
790 3415 878 3458 tomen
904 3412 950 3469 est,
975 3421 1023 3457 eur
1048 3423 1106 3457 cum
1123 3405 1279 3457 Lehmanno
1293 3423 1325 3471 p.
1348 3404 1392 3456 10.

272 3489 296 3534 et
314 3480 444 3534 Phatnero
459 3499 490 3548 p.
502 3497 551 3535 xx.
571 3499 626 3532 non
644 3483 729 3533 solum
749 3479 832 3531 olium
851 3478 966 3530 codicem
984 3479 1031 3530 sed
1051 3478 1134 3530 aliam
1151 3478 1207 3530 iam
1225 3478 1392 3544 deperditam

271 3557 449 3608 recensionem
469 3553 617 3607 adhibitam
642 3571 697 3606 esse
722 3559 880 3605 statuamus.
917 3549 951 3602 A.
974 3553 1053 3604 1167.
1072 3559 1097 3605 et
1118 3553 1196 3604 1161.
1223 3561 1317 3604 auctor
1344 3552 1392 3617 qui

266 3637 364 3695 postea
389 3629 494 3694 scripsit
518 3646 561 3681 res
591 3629 684 3679 melius
709 3626 840 3692 disposuit
847 3643 856 3686 ,·
887 3624 970 3676 uerba
999 3626 1032 3678 de
1057 3625 1212 3678 Alexandro
1242 3625 1338 3678 addita
1366 3632 1391 3677 et

272 3719 297 3753 a.
326 3702 405 3752 1158.
432 3702 513 3754 uerba
544 3707 605 3769 post
636 3701 854 3766 archiepiscopus
883 3698 1050 3751 recentiorem
1083 3700 1236 3766 scriptorem
1265 3706 1395 3766 arpuunt..

276 3775 412 3828 Vocabula
440 3777 520 3827 feudo
547 3791 572 3826 a.
602 3775 682 3838 1167,
711 3772 782 3839 quod
811 3771 903 3838 afferri
928 3779 1033 3838 posset,
1062 3773 1141 3824 etiam
1163 3774 1270 3839 primm
1298 3778 1392 3824 auctor

269 3849 311 3900 uti
333 3848 431 3915 potuit.
469 3849 512 3902 De
543 3849 598 3900 loco
627 3865 652 3900 a.
679 3848 759 3898 1164.
791 3864 817 3898 c.
845 3861 914 3913 quae
943 3846 980 3897 ad
1009 3863 1034 3898 a.
1063 3847 1143 3898 1162.
1170 3865 1202 3912 p.
1226 3848 1288 3898 113.
1314 3863 1342 3896 n.
1364 3847 1389 3896 1.

269 3923 369 3975 monui.
409 3923 485 3985 Quae
504 3921 644 3974 Lehmann
662 3939 694 3988 p.
717 3921 760 3971 13.
780 3919 814 3970 ab
834 3929 940 3972 auctore
958 3917 1117 3972 recensionis
1137 3919 1161 3970 I.
1182 3921 1274 3986 potius
1294 3917 1390 3970 addita

269 4013 351 4063 quam
376 3995 405 4047 in
428 3995 471 4049 ΙΙ.
496 3995 592 4047 omnsa
615 4001 714 4062 putot,
745 3993 797 4046 lem
821 4010 886 4046 sane
918 3992 1066 4045 coniectura
1088 3995 1220 4047 nituntur.
1296 3989 1324 4055 7)
1343 3990 1389 4041 Ita

269 4069 380 4121 Platner
402 4087 433 4135 p.
455 4083 523 4123 XXV.
577 4067 610 4120 Si
639 4069 710 4120 hunc
743 4067 822 4119 etiam
848 4066 1018 4134 primaevam
1047 4067 1186 4119 chronicae
1211 4067 1331 4133 somnam
1362 4081 1387 4116 a.

272 4143 352 4196 1168.
379 4161 435 4209 sqq.
459 4151 574 4194 mutasse
605 4141 707 4206 statuit,
738 4139 825 4193 dicere
852 4140 976 4209 neqlenit,
1008 4142 1137 4206 quomodo
1152 4143 1262 4205 sactum
1286 4138 1329 4200 sit,
1359 4144 1389 4186 ut

269 4217 415 4268 monachus
435 4214 464 4269 S.
477 4215 649 4269 Pantaleanis
669 4212 900 4279 continuationem,
927 4231 981 4265 non
1004 4231 1065 4267 uero
1089 4214 1265 4266 recensionem
1282 4211 1389 4260 illarum

270 4307 401 4342 annorum
433 4289 597 4344 exscriberet.
708 4287 738 4356 8)
761 4289 797 4341 E.
818 4305 859 4355 pr.
885 4306 911 4339 a.
939 4289 1018 4340 1191.
1050 4289 1084 4338 de
1109 4286 1243 4338 obsidione
1267 4281 1388 4347 Acconis,

269 4381 295 4417 a.
311 4363 391 4416 1198.
405 4364 438 4417 de
450 4362 554 4430 duplici
571 4365 694 4417 electione
708 4376 803 4432 rapum
816 4360 934 4428 Philippi
950 4370 974 4414 et
996 4359 1106 4424 Ottcnis,
1125 4360 1158 4410 de
1170 4358 1239 4424 repis
1259 4355 1390 4407 Richardi

267 4447 357 4492 morte.
