2988 5058
198 394 350 448 OLIVERI
368 394 528 445 RELATIO
549 394 599 444 DE
618 394 870 447 EXPEDITIONE
890 393 1105 444 DAMIATINA.
1180 393 1233 443 335

113 565 233 621 fidelium
253 585 371 633 numero,
397 569 425 618 in
450 568 519 618 festo
539 568 702 618 ascensionis
721 568 830 618 Domini
854 584 928 620 more
948 585 996 618 suo
1021 584 1069 634 per
1086 572 1182 617 terram
1209 567 1310 616 ettilo.

116 658 214 709 aquam
232 643 362 692 irruerunt
380 640 482 706 perfidi,
502 647 528 691 et
553 641 704 692 multotiens
730 641 769 691 sio
794 647 991 707 attemptantes,
1018 641 1154 706 prevalere
1180 656 1235 690 non
1245 626 1343 670 mm·

114 716 263 766 valuerunt.
291 715 391 765 Partim
404 715 488 765 eciam
500 719 606 765 nostros
619 731 702 780 prope
716 719 805 765 castra
815 715 1005 781 provocabant,
1016 713 1235 779 dampnifioantes
1347 763 1354 772 ,

116 794 144 839 et
163 789 352 854 dampnificati.
396 788 483 838 Pridie
508 803 570 838 vero
596 788 733 838 Kalendas
758 789 871 854 Augusti
903 805 1008 838 omnem
1034 803 1114 853 quam
1138 787 1235 836 habere
1248 785 1334 828 luaal.

114 867 239 928 poterant
264 863 428 912 adducentes
456 862 568 927 copiam,
592 865 655 926 post
679 861 793 912 diutinos
820 862 954 912 assultusa
974 861 1082 912 tandem
1106 861 1235 912 fossatum

116 941 210 986 contra
228 937 348 986 militiam
366 928 490 1000 Templib
510 939 687 998 transeuntes,
713 940 739 984 et
758 933 879 1001 [liceasss]
905 935 1034 986 violenter
1052 935 1234 998 irrumpentes,

114 1010 219 1074 pedites
238 1015 342 1060 nostros
360 1013 495 1060 verterunt
506 1008 535 1057 in
548 1007 646 1073 fugam,
661 1008 728 1058 adeo
741 1013 771 1057 ut
783 1013 854 1059 totus
867 1009 996 1058 exercitus
1013 1000 1235 1058 christianorum(l

114 1083 169 1133 iam
194 1083 392 1148 periclitaretur.
436 1080 533 1131 Milites
559 1081 592 1130 de
617 1081 733 1130 Francia
757 1083 889 1133 seculares
916 1089 942 1132 et
961 1083 1062 1148 equites
1088 1085 1128 1130 ter
1147 1079 1236 1130 conati

115 1161 178 1207 sunt
197 1173 243 1207 eos
260 1157 388 1221 repellere
406 1155 511 1220 longius
531 1159 605 1205 extra
622 1154 760 1218 fossatum,
780 1155 828 1206 sed
846 1172 901 1206 non
914 1161 1064 1221 potuerunt.
1097 1153 1236 1204 Sarraceni

111 1229 245 1296 siquidem
262 1231 333 1280 intra
350 1230 440 1280 menia
458 1233 557 1292 nostra,
576 1227 666 1278 fractis
685 1229 874 1279 munitionibus
892 1229 997 1294 ligneis,
1014 1229 1131 1294 equitum
1144 1242 1176 1276 ac
1188 1241 1234 1291 pe·

116 1303 200 1353 ditum
219 1303 289 1354 acies
310 1303 505 1354 ordinaverunt.
544 1301 651 1352 Clamor
670 1306 741 1352 ortus
762 1307 802 1352 est
819 1303 1010 1365 insultantium,
1037 1301 1123 1352 omnis
1147 1299 1234 1349 multi·

113 1376 179 1426 tudo
210 1377 328 1442 ipsorum
353 1376 505 1442 preparavit
529 1375 671 1441 sequelam.
725 1375 804 1426 Unde
828 1377 954 1426 timiditas
981 1375 1130 1424 christianis
1156 1377 1235 1423 aucta

115 1454 163 1499 est.
203 1449 257 1500 Sed
276 1451 381 1516 spiritus
401 1451 446 1516 qui
464 1449 550 1499 induit
569 1447 723 1499 Gedeonem
747 1450 875 1499 animavit
892 1449 1065 1514 Templarios.
1108 1447 1236 1512 Magister

115 1523 220 1588 Templi
240 1540 299 1574 cum
319 1524 480 1574 marescalco
507 1522 653 1587 ceterisque
678 1522 802 1573 fratribus
828 1523 882 1574 suis
908 1524 952 1589 qui
971 1529 1034 1572 tunc
1054 1521 1165 1571 aderant
1188 1535 1235 1584 per

116 1596 215 1646 exitum
235 1602 377 1662 angustum
400 1597 495 1662 inpetu
518 1595 599 1658 facto,
624 1595 733 1646 viriliter
760 1597 788 1646 in
813 1597 904 1661 fugam
923 1595 1053 1647 convertit
1074 1593 1233 1645 incredulos.

114 1669 448 1720 DomusTheutonicorum
467 1675 494 1720 et
513 1669 642 1719 oomitese
662 1669 695 1719 de
714 1669 824 1720 diversis
839 1670 990 1720 nationibus
1002 1667 1122 1718 videntes
1132 1666 1236 1732 Templi

115 1741 235 1792 militiam
254 1744 282 1792 in
301 1743 418 1808 periculo
438 1743 616 1802 constitutam,
629 1736 804 1792 festinanterf
815 1759 862 1807 per
875 1743 959 1792 exitus
975 1742 1025 1792 sibi
1040 1741 1234 1805 contrapositos

114 1815 232 1865 tulerunt
250 1816 389 1866 auxilium:
409 1817 447 1866 sic
466 1815 569 1880 pedites
589 1814 794 1865 Saracenorum
814 1815 923 1867 abiectis
937 1816 1028 1880 clipeis
1041 1813 1234 1864 interficieban-

115 1893 159 1938 tur
176 1894 263 1954 preter
282 1904 328 1939 eos
348 1904 413 1954 qnos
433 1887 496 1953 tuga
514 1887 656 1953 precipites
674 1889 872 1953 percussoribus
891 1889 1006 1938 abstulit.
1050 1888 1115 1937 Post
1135 1886 1235 1953 equites

114 1966 220 2012 nostros
240 1963 340 2028 egressi
358 1968 420 2012 sunt
437 1961 556 2026 pedites;
575 1976 623 2026 per
641 1961 774 2012 modicum
792 1963 906 2027 spatium
919 1977 947 2012 se
960 1965 1124 2012 retraxerunt
1136 1959 1235 2009 hostes.

114 2035 194 2086 Acies
214 2035 357 2086 hincinde
376 2035 519 2086 substititt.
567 2034 732 2085 Incedebaut
750 2040 858 2099 armate,
878 2035 963 2085 donec
989 2034 1171 2100 crepusculum
1190 2047 1235 2082 ve·

115 2109 261 2174 spertinum
279 2110 391 2174 prelium
411 2109 522 2158 diremit.
561 2107 701 2158 Sarraceni
719 2109 820 2173 priores
840 2109 972 2171 abierunt;
991 2106 1152 2174 perfidorum
1177 2121 1234 2156 cor·

115 2198 182 2248 pora
201 2184 348 2234 occisorum
363 2186 449 2232 'strata
467 2181 591 2232 iacebant
607 2181 681 2230 iuxta
699 2183 828 2232 fossatum
850 2182 964 2248 plurima
985 2175 1091 2246 preterh
1119 2195 1164 2230 eos
1191 2179 1235 2245 qui

115 2257 228 2306 sauciati
245 2258 360 2320 graviter
377 2256 421 2306 vel
438 2255 532 2305 leviter
548 2255 650 2305 reducti
669 2260 730 2304 sunt
749 2256 784 2305 ad
800 2260 894 2305 casua.
926 2255 969 2305 Sic
982 2254 1095 2304 salvavit
1104 2252 1235 2303 Dominus

114 2330 143 2378 in
172 2329 215 2379 die
242 2331 290 2379 illa
317 2334 455 2395 sperantes
483 2329 512 2380 in
540 2344 569 2378 se
594 2345 642 2394 per
659 2329 782 2378 virtutem
801 2329 1010 2394 Templariorum
1036 2332 1172 2377 eteorum
1191 2325 1236 2391 qui

114 2397 194 2468 ipsisi
219 2404 353 2468 cooperati
379 2402 523 2453 discrimini
546 2419 575 2452 se
602 2403 795 2464 conmiserunt;
817 2403 898 2467 pauci
921 2403 955 2452 de
979 2401 1075 2451 nostris
1104 2398 1235 2451 interfecti

115 2481 177 2527 sunt
196 2482 222 2526 et
241 2478 319 2543 capti.
357 2477 538 2527 Instrumenta
557 2480 650 2527 contra
669 2476 801 2525 civitatem
818 2480 960 2542 preparata
985 2475 1115 2525 conbusta
1138 2477 1235 2523 sunta

115 2549 297 2600 defensoribus
317 2552 372 2600 eius
391 2551 446 2600 iere
466 2550 556 2600 omnia
573 2554 662 2615 preter
680 2544 797 2600 scalask.
835 2549 990 2613 lensenses,
1003 2548 1096 2598 Pisani
1113 2552 1139 2597 et
1148 2547 1234 2597 Vene-

114 2623 182 2672 tiani
206 2624 370 2688 asserebant,
395 2640 423 2674 se
456 2623 589 2673 civitatem
613 2628 809 2688 expugnaturos
833 2639 882 2688 per
905 2628 1016 2689 quatuor
1046 2637 1128 2671 naves
1156 2635 1236 2684 super

116 2711 181 2763 quas
200 2696 271 2745 scale
290 2697 455 2761 pendebant3
474 2697 584 2746 sedisti
603 2713 657 2747 non
677 2702 753 2747 erant
771 2697 804 2747 de
822 2713 920 2764 genere
939 2697 1054 2747 viromm
1070 2695 1176 2745 illorum
1188 2709 1236 2759 per

116 2784 182 2835 quos
201 2768 272 2820 salus
291 2769 363 2820 facta
388 2775 429 2819 est
453 2770 481 2819 in
500 2770 592 2820 Israel.
634 2771 767 2820 volebant
786 2773 857 2822 enim
877 2773 927 2823 sibi
941 2771 1029 2821 facere
1047 2785 1154 2832 nomen,
1175 2782 1234 2816 cum

115 2843 185 2893 tubis
205 2846 232 2892 et
250 2842 388 2892 calamillis
403 2847 430 2892 et
449 2843 531 2906 signis
550 2843 638 2894 multis
656 2845 798 2908 progressi.
850 2847 968 2910 Legatos
992 2843 1138 2908 apostolice
1163 2840 1234 2891 sedis

116 2921 237 2981 sumptus
248 2915 286 2964 eis
300 2916 333 2965 de
353 2916 488 2965 communi
506 2917 610 2980 prebuit
630 2917 763 2981 copiosos,
781 2933 829 2967 rex
848 2924 875 2969 et
893 2919 938 2968 alii
957 2918 1052 2968 cordas
1066 2921 1092 2966 et
1104 2915 1234 2966 anchoras

115 2994 195 3055 prout
212 2989 381 3055 requirebant
400 2988 584 3040 habundanter
603 2989 765 3041 exibuerunt.
803 2991 977 3058 digredientes
989 2991 1078 3057 itaque
1092 2989 1233 3052 civitatem,

114 3064 199 3128 primo
220 3062 263 3112 die
281 3063 378 3113 multos
398 3062 552 3113 occiderunt
570 3068 596 3113 et
615 3061 827 3128 vulneraverunt,
847 3070 874 3114 et
892 3068 990 3130 quanto
1004 3063 1093 3128 sepius
1106 3061 1234 3112 assultum

113 3137 242 3200 fecerunt,
261 3140 335 3186 tanto
355 3136 439 3200 magis
459 3137 526 3186 muri
544 3135 641 3186 firmati
659 3140 721 3186 sunt
738 3137 834 3200 ligneis
854 3137 996 3188 castellulis
1015 3151 1047 3185 ac
1065 3136 1141 3185 liciis.
1179 3135 1233 3184 De-

113 3209 233 3261 fensores
248 3210 331 3260 eciam
350 3209 482 3260 robustius
503 3214 529 3260 et
548 3209 677 3260 efficatius
696 3225 725 3260 se
744 3211 910 3261 venientibus
924 3214 1112 3275 opposuerunt.
1141 3208 1177 3257 Et
1195 3207 1234 3256 sic

115 3283 186 3334 scale
211 3283 331 3334 mutilate
355 3298 403 3348 per
420 3283 518 3348 ignem,
538 3298 570 3333 ac
593 3283 691 3348 pluries
716 3289 845 3349 reparate,
868 3284 977 3334 tandem
1001 3282 1101 3332 infecto
1125 3279 1233 3345 negotio

113 3358 221 3408 reduote
240 3362 303 3408 sunt
321 3357 356 3406 ad
374 3357 468 3421 ripam.
506 3357 602 3422 Utique
621 3358 660 3407 sic
673 3357 865 3421 deprehensum
879 3363 919 3408 est
931 3363 958 3408 et
969 3356 1098 3406 veraciter
1115 3353 1234 3404 intellec·

113 3436 178 3494 tum
198 3431 257 3481 sola
274 3430 369 3480 virtute
389 3430 480 3480 divina
498 3430 651 3480 Damiatam
668 3431 697 3479 in
715 3446 811 3480 manus
831 3430 1031 3482 christianorum
1050 3443 1108 3478 esse
1126 3427 1233 3477 haden-

115 3503 183 3554 dam.
222 3504 278 3554 Nos
297 3519 359 3553 vero
377 3504 509 3556 insensati
526 3509 553 3554 et
571 3503 729 3554 inmemores
748 3503 935 3555 beneficiorum
954 3504 1007 3553 Dei
1026 3518 1058 3552 ac
1077 3500 1234 3552 mirabilium

115 3591 165 3642 que
184 3575 255 3640 fecit,
275 3578 477 3641 provocavimus
497 3577 588 3629 oculos
609 3578 697 3628 divine
716 3578 862 3628 maiestatis
875 3581 967 3630 contra
981 3592 1032 3627 nos
1044 3591 1093 3641 per
1105 3575 1234 3626 desidiam

114 3649 243 3700 maiorum
262 3654 289 3699 et
307 3651 526 3701 murmurationes
544 3647 699 3701 iuniorumt
744 3651 851 3702 Pedites
871 3653 1001 3718 equitibus
1025 3649 1234 3715 inproperabant

112 3723 255 3787 ignaviam,
275 3723 375 3789 equites
394 3725 512 3789 pericula
530 3725 657 3790 peditum,
677 3725 784 3792 quando
811 3730 903 3775 contra
929 3725 1089 3776 Sarracenos
1115 3721 1232 3788 egredie-

112 3795 216 3860 bantur,
236 3796 444 3847 dissimulabant.
483 3798 561 3848 Unde
580 3798 680 3850 factum
700 3803 748 3864 est,
767 3803 797 3848 ai
816 3799 999 3850 communibus
1022 3798 1106 3863 culpis
1125 3797 1232 3863 exigen-

112 3868 182 3919 tibus
210 3869 240 3920 in
263 3869 440 3922 decollatione
464 3872 551 3922 sancti
574 3871 703 3923 Iohannis
728 3872 870 3938 baptistae,
894 3873 958 3922 licet
979 3873 1024 3922 vix
1052 3869 1233 3921 invenirentur
1243 3886 1345 3940 Amas,

113 3941 203 4008 quiin
222 3947 367 3993 castrorum
387 3944 535 3994 eustodia¹¹¹
553 3951 729 4010 remanerent,
748 3946 872 3997 navalem
884 3951 911 3997 et
928 3950 1078 3996 terrestrem
1091 3945 1234 3995 exercitum

112 4015 228 4082 equiturn
256 4031 288 4066 ac
316 4016 435 4082 peditum
463 4018 616 4083 educentes,
644 4019 679 4069 ad
708 4024 795 4070 caena
818 4021 1016 4072 Babiloniorum
1043 4019 1233 4070 tenderemus¹¹

112 4159 135 4213 a)
150 4161 248 4202 alsnltns
264 4173 282 4204 o.
355 4160 379 4215 h)
396 4163 508 4204 iacientes
524 4165 569 4205 uid
582 4166 625 4208 ssd.
642 4167 681 4209 dci.
698 4178 716 4209 c.
784 4166 805 4220 o)
820 4168 877 4207 deest
890 4178 921 4218 o.,·
938 4167 1004 4206 licias
1019 4165 1046 4208 L.
1115 4163 1138 4216 d)
1155 4167 1234 4204 noster

112 4230 187 4262 exerc.
204 4221 229 4262 L.
291 4219 313 4273 e)
331 4223 472 4272 comitesque
488 4229 512 4264 et
526 4225 568 4266 alii
583 4226 669 4266 milltes
685 4226 714 4266 de
729 4226 755 4269 L.
801 4226 819 4279 i)
836 4228 974 4268 festinantes
989 4236 1047 4265 corr.
1062 4224 1199 4264 festinanter
1214 4234 1232 4266 e.

112 4276 135 4330 g)
152 4280 304 4322 substiterunt
319 4280 480 4333 (substiterant
496 4281 531 4335 θ.)
548 4288 650 4326 armatae
666 4285 692 4326 G.
709 4286 770 4338 anm
791 4289 951 4328 sustinuerunt
966 4287 1054 4325 armate
1069 4283 1095 4326 L.
1169 4280 1194 4333 h)
1210 4287 1234 4323 et

112 4339 178 4378 multi
194 4339 296 4380 letaliter
311 4342 385 4382 saucii
406 4343 435 4382 ad
451 4353 471 4386 c.
488 4354 506 4386 s.
522 4353 542 4384 r.
557 4343 583 4385 L.
667 4343 684 4398 i)
699 4356 740 4395 pro
762 4347 779 4387 i.
799 4358 817 4386 o.
900 4344 925 4398 k)
946 4357 978 4387 sc.
998 4345 1136 4385 lerinenses.
1151 4343 1233 4382 Pisani

111 4397 223 4448 distinguit
238 4410 269 4450 o.‚·
285 4399 335 4440 Ian.
352 4402 377 4442 L.
438 4399 456 4454 l)
472 4405 588 4444 minorum
604 4403 630 4444 L.
692 4403 724 4456 m)
740 4417 847 4457 eupator.
863 4417 881 4448 c.
942 4402 967 4456 n)
984 4403 1008 4444 in
1023 4413 1106 4443 rasura
1121 4412 1139 4442 θ·
