3098 4982
254 404 434 458 CHRONICI
453 405 616 458 RHYTHM.
637 405 879 459 COLONIENSIS
899 407 1137 460 FRAGMENTAr
1193 404 1251 458 307

272 572 435 638 Turbatur
455 582 540 638 terra
559 572 664 639 Rheni
685 597 744 660 per
764 573 880 639 bellica
900 574 989 641 dure.

270 658 540 742 Maguntinensis
561 657 622 724 fert
643 657 751 723 hostes
772 660 966 742 anteriores,

271 742 519 827 Agrippinensis
543 764 671 828 quoque
693 744 828 807 sustinet
847 743 1027 826 inferiores3

214 839 251 889 45
274 824 363 889 Gens
385 825 462 890 furit
483 827 517 888 in
562 835 685 909 entem3
708 825 934 892 contradicunt
956 828 1018 892 sibi
1038 827 1143 909 turbe,

272 908 368 974 Flens
390 911 459 995 agit
479 913 513 973 in
534 848 679 992 dentem,
699 921 774 976 sunt
793 921 902 997 partes
925 911 1068 998 qualibet
1088 912 1177 978 urbe.

273 994 399 1070 Quivis
421 996 558 1059 invitata
579 1016 755 1081 vassosque
777 993 1018 1079 ministeriales3

272 1078 444 1142 Proximus
466 1079 569 1144 irritat
589 1081 712 1144 vicinos
734 1089 831 1165 atque
853 1078 994 1163 sodales3

273 1161 393 1227 Omnia
415 1162 595 1246 turbantur,
617 1185 712 1228 nemo
735 1185 868 1228 securus
890 1163 1037 1246 habetur,

216 1259 252 1308 50
273 1247 369 1311 Pravi
391 1246 564 1330 lucrantur,
585 1249 677 1312 iustis
700 1269 760 1312 nec
782 1257 896 1333 treuga
916 1258 1053 1313 tenetur.

272 1332 366 1407 (luis
389 1330 479 1396 dolor
500 1333 650 1418 antiquus
674 1341 771 1418 queat
792 1332 876 1397 huno
898 1353 1017 1419 equare
1039 1331 1208 1397 dolorem?

271 1415 362 1479 Dum
383 1437 444 1480 nec
466 1417 622 1501 pacificus
645 1426 695 1480 est
716 1417 819 1480 maior
840 1416 882 1480 ad
903 1415 1097 1499 inferiorem,

270 1499 385 1564 Frater
407 1500 474 1566 odit
496 1501 637 1584 fratrem,
659 1523 724 1566 non
745 1501 849 1586 parcit
869 1501 992 1565 amicus
1014 1502 1128 1586 amico,

271 1582 374 1647 Filius
396 1585 431 1647 in
452 1595 576 1670 patrem
598 1585 682 1670 gerit
702 1606 801 1666 arma,
824 1585 950 1650 favetur
971 1585 1094 1672 iniquo.

215 1716 250 1766 55
314 1705 469 1774 Tandem
492 1707 688 1770 conveniunt
707 1707 758 1768 vir
779 1714 816 1769 ut
836 1727 918 1769 unus
942 1706 1116 1789 cesareani,

272 1787 411 1852 Perdere
433 1790 620 1873 concipiunt
640 1800 759 1854 terram
780 1787 1018 1874 metropolitani

272 1871 532 1956 Agrippinensis,
556 1872 643 1958 opidi
666 1874 734 1936 sevi
755 1872 970 1938 Veronensis¹

270 1955 363 2019 Facti
385 1955 553 2042 predones,
574 1958 678 2042 patrie
700 1978 828 2042 quoque
849 1955 1048 2043 vispiliones.

273 2043 428 2126 cumque
449 2041 516 2104 suis
538 2043 627 2107 urbis
648 2039 797 2106 intrando
819 2039 975 2106 suburbia
995 2038 1099 2105 turbis

218 2139 253 2186 oo
275 2122 396 2188 Omnia
415 2122 586 2189 vastabant
607 2146 872 2212 possessoresque
893 2124 1059 2211 fugabant,

270 2206 412 2272 Horrida
432 2208 577 2274 fecerunt
598 2225 629 2273 et
651 2209 759 2274 multis
782 2209 922 2295 dampna
943 2208 1110 2293 dederunt,

270 2291 357 2356 Raro
378 2303 593 2378 peperoenmt
615 2295 728 2376 sacris;
750 2295 859 2358 miseri
880 2295 1052 2381 perierunt.

271 2375 359 2442 Inde
383 2399 441 2441 suo
465 2379 571 2464 eapite
593 2377 727 2442 duetore
749 2378 854 2444 redire
875 2377 1020 2443 volentes

270 2460 419 2526 Predicto
442 2463 568 2544 comite,
591 2461 690 2527 nichil
711 2462 838 2528 adversi
860 2472 1049 2544 metuentes,

216 2559 252 2607 65
273 2545 363 2609 Dum
385 2547 431 2610 sio
453 2547 590 2632 grassati
611 2545 747 2614 redeunt
767 2545 878 2633 spoliis
898 2545 1053 2628 honerati,

273 2627 451 2715 Castraque
473 2633 585 2696 metati
605 2629 713 2714 Brdle,
734 2641 923 2717 pernoctare
944 2631 1064 2717 parati:

271 2712 355 2777 lllos
376 2713 517 2798 prelatus
540 2728 707 2802 soporatos
729 2716 959 2815 premeditatus

272 2799 392 2862 Visitat
412 2809 562 2881 armatus,
584 2802 630 2864 ita
644 2799 765 2866 milicia
786 2804 967 2884 comitatus,

273 2879 368 2964 Quod
389 2883 529 2980 populus
551 2892 668 2949 stratus
690 2885 761 2966 fuit,
783 2896 816 2950 et
836 2907 943 2951 comes
965 2896 1038 2951 ante
1059 2886 1198 2972 fugatus.

218 2979 253 3028 70
275 2967 340 3048 Qui
360 2978 462 3050 gemit
482 2968 583 3032 iratus
605 2977 637 3032 et
658 2969 794 3052 tmpiter
815 2967 1026 3054 exspoliatum

272 3057 340 3122 Est
360 3049 543 3132 infamatus,
565 3073 624 3137 per
645 3074 719 3115 eum
741 3052 828 3138 quod
849 3054 891 3116 sit
911 3054 1099 3137 trucidatus,

272 3135 435 3216 Traditus,
457 3133 588 3200 orbatus
611 3137 781 3218 exereitus,
797 3136 895 3200 immo
916 3145 1079 3222 gravatus.

215 3401 249 3451 75
273 3389 347 3462 §ed
370 3386 502 3474 quidam
522 3399 616 3452 notus
637 3389 688 3453 vir
708 3388 850 3474 prudens
871 3398 969 3473 atque
991 3386 1094 3453 fidelis

273 3473 400 3559 Capto¹
424 3472 569 3555 devotus,
591 3471 700 3537 multis
721 3472 812 3537 dives
836 3495 876 3537 ue
899 3470 1047 3558 sequelis,

270 3558 368 3622 Hune
389 3555 491 3621 voluit
512 3577 636 3642 capere,
660 3559 715 3643 qui
732 3578 795 3705 pro
814 3494 947 3620 domino
968 3554 1120 3621 veniebat
1128 3566 1151 3640 ³,

272 3640 369 3722 Quod
389 3641 495 3725 potuit
514 3640 631 3723 facere,
653 3641 709 3706 sed
755 3651 895 3706 etentore
917 3641 1057 3706 carebat.

273 3725 318 3798 si
341 3745 458 3788 consan
484 3725 620 3788 wineum
644 3725 786 3790 fidumve
809 3725 871 3790 sibi
891 3727 1074 3810 reperisset,

216 3821 252 3870 80
275 3807 446 3895 Cesarisy
472 3830 587 3874 oneum
609 3810 728 3895 pignus
750 3819 860 3874 natum
882 3809 1046 3891 tenuisset,

188 3971 193 3983 .
272 3892 328 3975 Ut,
350 3894 406 3979 qui
427 3894 591 3979 captivum
614 3893 779 3958 dominum
802 3895 847 3958 sic
869 3895 1103 3979 insequeretur,

273 3978 388 4042 Donec
410 3998 484 4041 eum
505 3979 615 4042 vivum
639 3980 802 4066 quitasset,
825 3978 911 4042 idem
933 3985 1106 4064 pateretur.

122 4127 147 4183 a)
164 4132 216 4181 quia
232 4132 282 4172 invi
297 4142 308 4172 e
322 4142 379 4172 corr.
396 4128 488 4182 (incitat
497 4129 571 4180 sciam
585 4128 685 4182 vidum).
745 4128 770 4182 b)
786 4131 843 4170 duae
858 4129 927 4168 lineae
942 4129 1036 4169 abarim
1051 4130 1159 4171 videatur.

125 4264 155 4328 1)
175 4263 271 4324 Boura·
290 4280 375 4329 supra
394 4265 411 4315 l.
431 4265 449 4315 l.
516 4264 545 4328 2)
564 4261 765 4328 Archiepiscopo
786 4259 934 4314 Coloniensi
953 4279 971 4310 a
995 4261 1084 4313 comite
1103 4260 1248 4313 Iule'aoeusi

121 4353 185 4387 moa
204 4345 296 4402 capum
315 4337 350 4402 cf.
370 4353 453 4403 supra
461 4353 492 4404 p.
507 4338 585 4389 28&
625 4335 656 4402 3)
676 4336 717 4387 De
738 4335 860 4388 Conrado
879 4350 938 4403 repe
956 4351 1039 4386 ammo
1059 4351 1114 4387 erae
1132 4335 1246 4398 videtur,

122 4410 172 4475 qai
190 4415 252 4460 tunc
273 4407 408 4461 Coloniam
425 4409 506 4464 venit.
953 4476 1015 4540 20*
