3122 4978
207 371 402 460 ‘eunomiae
422 407 535 459 REGIA
555 408 813 461 conortmnsls:
828 410 932 464 CONT.
951 411 1076 464 Aaron.
1089 413 1169 466 1193.
1219 415 1270 466 155

549 582 718 635 Recensio
739 583 764 634 Ι.
784 592 808 634 et
827 584 872 636 ΙΙ.

149 652 207 718 ubi
227 650 328 716 alecto
341 641 524 721 Coloniensi
545 650 615 714 iura
637 651 841 736 episcopatus
862 652 912 715 sui
927 650 1072 739 duosque
1087 652 1267 720 ducatus⁸·¹

149 736 316 816 concessit,
350 734 522 800 Wircebur
546 732 699 798 ensibus¹>
721 735 909 821 episcopum
938 736 1082 821 prefecit.
1134 737 1269 805 Alberto

149 820 328 885 Leodiense
350 817 451 882 electo
477 755 598 883 ibidem
621 840 663 882 ex
685 820 849 883 sententia
878 819 1103 919 episcoporum
1130 832 1163 887 et
1184 825 1269 909 prin-

150 905 259 990 cipum
286 912 407 984 amoto,
441 924 478 968 eo
507 901 594 1001 quod
621 923 687 966 non
714 903 870 968 canonice
896 913 1055 986 mtrasset,
1079 905 1269 972 Lotbarium

148 989 355 1053 Bunnensem
418 995 596 1072 repos1tum
638 985 819 1069 substituit,
863 1008 960 1073 quem
995 987 1037 1052 ad
1073 989 1270 1055 audientiam

149 1071 318 1172 apostolici
353 1007 506 1136 Albertus
543 1070 649 1134 statim
684 1072 822 1136 vocavit.
915 1071 1098 1158 Episcopus
1123 1073 1271 1139 Worrna·

149 1157 283 1222 tlensis¹
321 1153 416 1236 obiit3
452 1156 505 1219 oui
536 1153 727 1237 Heinricus,
764 1153 1025 1241 prothonotarius
1056 1158 1269 1243 imperatoris,

150 1241 313 1305 successit.
399 1240 487 1325 ignis
509 1239 609 1303 mirae
630 1239 862 1324 magnitudinis
890 1262 1001 1305 versus
1030 1240 1206 1307 Saxoniam
1238 1252 1271 1308 et

149 1323 301 1390 occiduas
323 1333 430 1409 partes
451 1322 559 1408 palam
579 1323 614 1385 in
636 1321 703 1387 celo
725 1325 813 1388 visus
836 1334 893 1388 est

234 1408 274 1472 In
286 1416 403 1472 octava
438 1417 615 1472 entecostes
630 1407 741 1471 Bruno
756 1410 790 1472 in
804 1407 1084 1507 archiepiscopum
1095 1409 1270 1476 Coloniae⁰
1280 1424 1327 1465 ilai
1335 1425 1369 1466 ³1·

150 1503 355 1558 consecratur
376 1515 396 1557 a
414 1430 558 1556 iohanne
580 1491 761 1556 Trevirensi
788 1492 986 1578 archiepisco
1011 1513 1029 1556 o
1059 1503 1090 1559 et
1117 1496 1270 1582 episcopo

150 1577 386 1642 Virdunense⁸.
441 1575 503 1641 Oui
525 1576 759 1640 consecrationi
790 1578 961 1662 episcopus
1029 1579 1217 1643 aiectensis⁴
1239 1589 1271 1644 et

149 1661 432 1726 Monasteriensis⁵
456 1682 529 1724 cum
555 1660 712 1737 adessent,
745 1661 898 1725 interesse
920 1659 1081 1745 nolebant,
1111 1685 1149 1727 eo
1183 1662 1270 1750 quod

150 1747 200 1810 sui
221 1746 300 1810 iuris
321 1767 391 1810 esse
405 1742 620 1825 affirmabant,
643 1743 731 1830 qnod
744 1745 807 1830 ipsi
822 1766 896 1808 oum
911 1745 980 1809 iure
996 1745 1269 1831 suffraganeorum

150 1829 298 1895 ordinare
337 1829 499 1895 deberent.
564 1827 733 1894 Predictus
769 1826 920 1894 Albertus
956 1829 1094 1894 Romam
1129 1833 1271 1914 veniens,

150 1912 275 1978 litteras
310 1934 330 1977 a
362 1933 449 1999 papa
484 1913 609 1997 accepit
643 1911 686 1976 ad
719 1911 945 1977 Coloniensem
980 1913 1272 2001 archiepiscopum,

151 1999 300 2085 quatinus
330 2019 404 2061 eum
435 1998 469 2060 in
500 1997 690 2083 episcopum
722 2005 932 2077 consecraret,
964 1997 1025 2078 vel,
1056 1998 1083 2062 si
1110 1999 1180 2098 ipse
1209 1999 1271 2063 hoc

150 2083 286 2170 exsequi
312 2103 377 2145 non
405 2090 515 2167 posset
542 2078 594 2144 vel
626 2082 759 2159 timeret,
789 2081 957 2145 Remensis
986 2081 1186 2168 archieprsco
1211 2083 1272 2147 us⁰l

149 2166 212 2230 hoc
244 2168 312 2232 eius
345 2186 502 2231 consensu
529 2165 573 2228 im
598 2162 686 2229 leret.
735 2163 831 2245 Quod
864 2174 897 2228 et
925 2164 1047 2229 factum
1080 2176 1137 2231 est.
1218 2188 1270 2230 am

150 2247 342 2316 Coloniense
364 2250 517 2336 episcopo
540 2187 723 2312 infirmitate
750 2249 888 2330 detento,
912 2248 1078 2313 Remensis
1100 2273 1175 2315 eum
1196 2272 1270 2315 con-

7 2411 13 2420 ,
149 2337 289 2400 sacravit
310 2355 484 2420 secumque
500 2332 667 2398 detinuit‘.
710 2334 891 2419 Imperator
906 2332 947 2398 ob
963 2330 1145 2398 huiusmodi
1161 2333 1269 2399 simul-

55 2463 60 2470 ·
146 2417 376 2488 messenum
398 2416 505 2482 claudi
527 2417 620 2482 iussit
638 2415 884 2482 Coloniensibus
907 2439 927 2480 a
946 2417 1027 2482 festo
1051 2419 1153 2484 sancti
1174 2419 1336 2495 Lam-sar.
1354 2447 1389 2489 ir.

144 2504 247 2604 pertis
274 2525 377 2589 usque
412 2501 454 2566 ad
484 2501 601 2566 festum
634 2502 735 2566 sancti
763 2500 921 2565 Nicolaiss.
969 2501 1144 2567 Transiens
1171 2504 1329 2568 etiamvr·
1347 2505 1368 2545 ⁶·

144 2613 180 2654 m
200 2587 368 2652 inferiores
383 2595 500 2672 partes,
522 2587 611 2650 venit
623 2585 790 2666 Leodium,
812 2585 922 2672 ibique
944 2583 1030 2649 bona
1045 2586 1268 2734 quorumdam,

146 2675 204 2761 qui
226 2693 301 2735 oum
311 2669 444 2736 Alborto
461 2678 573 2733 contra
588 2669 774 2734 Lotbarium
798 2679 972 2751 senserant,
993 2669 1058 2755 pub
1072 2672 1150 2735 icari
1163 2672 1267 2738 iussit.

230 2753 358 2820 Bellum
386 2776 485 2840 grave
507 2755 541 2816 in
562 2753 731 2819 Westfalia
759 2756 842 2819 inter
870 2755 1003 2818 comites
1034 2765 1139 2820 terrae
1171 2755 1267 2822 illius.

145 2842 240 2906 Esses
268 2839 502 2904 ferventissima
522 2839 556 2901 in
578 2840 726 2924 Augusto
758 2861 867 2902 mense
894 2837 999 2902 subito
1027 2840 1159 2925 tepore¹¹
1180 2840 1268 2905 refri-

170 2927 233 3007 uit;
262 2922 348 2988 unde
369 2922 475 2988 febres
496 2931 610 2986 acutae
632 2931 664 2985 et
686 2930 860 3007 quartanae
888 2924 1009 3008 passim
1031 2925 1065 2986 in
1086 2924 1268 2989 hominibus

145 2949 361 3075 dominantur.
445 3004 590 3070 Marcbio
621 3004 800 3088 Ounradus,
856 3007 890 3069 ui
921 3007 955 3070 in
982 3006 1114 3072 brachio
1141 3008 1268 3073 virtutis

147 3117 225 3159 suae
245 3103 365 3157 terram
385 3090 611 3176 promissionis
633 3091 698 3153 iam
725 3088 780 3153 diu
803 3029 890 3154 scius
913 3089 1107 3172 defenderat,
1136 3091 1267 3157 oonsilio

146 3176 300 3243 Richardi
321 3177 407 3261 regis
429 3173 566 3260 Angliae
588 3171 662 3237 dolo
684 3173 884 3238 interficitur.
960 3172 1114 3239 Albertus
1137 3197 1266 3262 quoquc

148 3261 337 3327 Leodiensis
360 3260 532 3345 episcopus
559 3256 647 3342 apud
669 3258 779 3322 Remis
801 3259 1025 3341 obtruncatur;
1049 3260 1135 3344 quod
1157 3259 1268 3324 volun-

146 3357 212 3412 tate
234 3343 435 3430 imperatoris
457 3343 579 3407 actumi
603 3364 672 3406 esse
694 3340 857 3406 ferebatur
866 3353 889 3405 ⁰.

315 3428 392 3517 [3.¹‘]
437 3429 531 3490 Anno
552 3427 781 3491 incarnationis
804 3426 983 3491 dominicae
1009 3425 1098 3489 1193.

230 3515 279 3578 Im
305 3522 409 3578 erator
430 3509 536 3576 natale
557 3511 691 3574 Domini
712 3511 746 3573 in
769 3511 889 3575 Suevia
917 3508 1004 3594 apud
1024 3509 1167 3593 Egram¹
1189 3510 1267 3596 agit.

231 3535 409 3661 Ridbardus
420 3617 479 3660 rex
491 3593 628 3681 Angliae
639 3594 765 3659 rediens
781 3595 821 3659 de
833 3595 1062 3676 transmarinis,
1079 3591 1120 3657 ob
1131 3605 1268 3660 mortem
1338 3599 1342 3606 '

150 3724 352 3736 ...μ-...ἐ

449 3771 455 3780 ·
487 3737 648 3792 Beceasio
668 3739 710 3791 ΙΙ.
730 3739 821 3792 codd.
840 3740 875 3792 B.
897 3737 925 3790 0.

175 3881 177 3884 ,
352 3809 382 3872 3.
405 3809 499 3873 Anno
522 3806 700 3872 dominicae
722 3807 951 3872 incarnationis
976 3807 1068 3872 1193.

157 3961 158 3966 ¹
239 3899 388 3966 Imperator
407 3926 442 3936 -
457 3927 491 3936 -
511 3899 633 3965 sepultus
649 3905 697 3949 est.
717 3904 746 3948 at
765 3895 892 3949 Recensio
912 3898 936 3950 Ι.

148 4025 321 4079 adoransque
337 4026 385 4066 Ar.
418 4026 770 4078 b)vtrceb.A2.01;W11-ztb
794 4026 842 4068 Bl.
880 4025 1060 4080 emmonim.
1107 4025 1132 4078 d)
1147 4029 1270 4086 ppiscopus

147 4087 474 4147 corr.srchiqptsropusB1.
540 4083 562 4136 e)
579 4087 634 4125 deest
650 4085 696 4124 Ar.
764 4083 916 4136 ohambertt
932 4087 997 4130 B.0.
1059 4086 1082 4138 g)
1099 4088 1199 4140 Nykolat
1215 4088 1270 4136 Bl;

147 4145 262 4197 Rycholsi
278 4150 321 4191 01.
339 4147 360 4184 2.
419 4145 443 4196 h)
461 4144 502 4185 rei.
518 4148 622 4194 ternpore
637 4145 685 4184 Ar.
745 4144 762 4195 1)
779 4154 829 4184 esse
845 4149 922 4184 actum
938 4145 986 4186 131.
1050 4147 1075 4198 k)
1091 4147 1173 4189 Annus
1189 4147 1271 4187 tertius

148 4205 237 4245 rotrico
253 4208 296 4251 01.
312 4207 333 4246 2.
393 4205 412 4256 1)
423 4204 508 4254 Agrum
524 4216 581 4246 corr.
597 4209 622 4243 ut
637 4203 722 4243 ridetur
737 4203 822 4252 Essem
838 4205 879 4245 02.

152 4335 179 4402 ι)
201 4336 242 4401 os.
263 4335 372 4403 rear,
392 4334 550 4404 ‘natum’
568 4354 598 4401 p.
619 4335 673 4384 ms
693 4352 748 4401 sqq.
824 4334 1012 4402 acarna.
1096 4305 1269 4402 arueras.

150 4411 180 4475 4)
191 4409 372 4462 Hemonam.
405 4409 434 4476 b)
449 4409 606 4461 Wltetmos.
645 4407 674 4475 6)
691 4408 722 4459 V.
741 4407 826 4458 Vitam
837 4408 1003 4474 Alteras&
1013 4409 1101 4471 XXV,
1107 4427 1137 4476 p.
1151 4410 1202 4459 162
1213 4425 1269 4475 sqq.
