3122 4978
223 394 411 475 CHRONICA
430 397 544 450 REGIA
565 396 816 450 OOLONIENSIS.
838 397 1155 454 cONT.111.A.1203.
1207 402 1259 454 209

527 569 694 622 Recensio
713 569 738 622 Ι.
758 577 788 621 et
807 569 854 623 11.

138 649 322 718 Flundriae
337 664 366 718 et
381 655 562 719 Hinelau⁸
584 679 695 737 comes,
719 660 988 743 consanguineus
1004 669 1032 723 et
1039 658 1152 742 fidelis
1167 683 1257 744 suus,
1269 685 1334 728 troc.

140 759 263 803 onlnem
286 738 518 804 beatitudinem
539 741 625 804 vitoe
646 762 731 826 quac
759 764 848 804 nunc
877 751 923 806 est
944 742 1131 827 etfuturae.
1178 744 1258 810 Cum

139 822 343 886 christianae
364 823 537 909 relipionis
568 824 654 904 zelo,
667 827 764 888 immo
785 835 815 888 et
836 836 967 890 nostrae
989 827 1127 911 speciali
1149 851 1258 894 amore

132 928 316 990 personae,
347 929 432 993 quae
454 909 545 972 circa
574 930 634 972 nos
658 919 805 994 apuntur
825 912 1012 994 paternitas
1038 921 1146 975 vestra
1173 917 1257 978 scire

138 989 309 1072 desideret,
330 993 498 1056 serenitati
525 1001 651 1056 uestrae
680 993 917 1058 declarandum
950 1017 1014 1058 esse
1048 996 1256 1078 decrevimus,

139 1095 239 1157 quam
268 1077 354 1139 mira
389 1077 479 1140 circa
509 1098 568 1140 nos
596 1099 660 1140 usa
692 1078 735 1140 sit
764 1079 881 1141 divina
908 1077 1077 1143 clementia
1104 1082 1256 1162 nouitate,

139 1157 299 1243 quamque
321 1182 386 1224 non
408 1160 502 1224 nobis
524 1161 664 1244 quidem,
680 1163 736 1226 sed
751 1163 879 1226 nomini
894 1185 952 1226 suo
967 1162 1110 1248 ploriam
1133 1164 1258 1230 dederit

137 1242 285 1305 omnibus
312 1243 427 1308 seculis
458 1244 704 1308 admirandam.
748 1245 959 1310 Mirabilibus
987 1249 1058 1311 eius
1086 1249 1177 1312 circa
1197 1271 1257 1314 nos

135 1347 261 1411 semper
282 1327 490 1393 mirabiliora
513 1330 700 1410 succedunt,
729 1337 765 1392 ut
791 1331 888 1394 etiarn
908 1329 1095 1413 infidelibus
1121 1332 1257 1398 dubium

136 1432 291 1474 essenon
314 1411 435 1494 debeat,
458 1417 539 1498 quin
561 1436 681 1479 manus
696 1413 834 1478 Domini
856 1425 1007 1498 operetur
1029 1416 1107 1478 laec
1132 1419 1254 1498 omnia,

135 1517 207 1558 cum
228 1493 333 1558 nichil
355 1506 522 1581 speratum
545 1501 566 1560 d
590 1498 682 1562 nobis
705 1506 763 1560 aut
776 1501 952 1582 prouisum
974 1509 1053 1562 ante·
1071 1502 1254 1585 contiperit,

135 1578 194 1641 sed
215 1587 292 1642 tuuc
321 1581 447 1644 demum
475 1604 561 1645 rtoaa
590 1580 683 1646 nobis
705 1580 869 1645 Dominus
892 1587 1092 1667 procurarit
1113 1585 1255 1666 aurciliu,

135 1685 209 1725 cum
231 1663 334 1728 niclil
355 1665 493 1729 lamani
506 1666 672 1730 uideretur
692 1688 860 1749 superesse
874 1667 1014 1730 consilii
1051 1667 1093 1729 Et
1115 1668 1255 1751 qrcidem,

134 1749 165 1811 si
176 1747 252 1810 bene
263 1750 477 1831 meminimus,
484 1772 546 1834 per
556 1749 682 1812 litteras
688 1751 889 1833 paternitati
900 1759 1024 1814 uestrae
1039 1754 1255 1817 transmissas

136 1832 242 1894 nostri
280 1855 450 1917 ropressus
473 1843 502 1896 et
516 1842 620 1896 status
634 1835 861 1898 narrationem
878 1855 913 1897 eo
928 1857 1030 1918 usque
1046 1835 1254 1918 deducimus,

134 1924 180 1996 ut,
204 1854 282 1980 urlpe
298 1917 466 2000 populosa
488 1927 586 2000 capta
608 1916 764 1981 violenter
787 1941 808 1981 a
824 1919 957 2001 paucis,
979 1928 1122 2004 tyranno
1128 1919 1254 2006 sapato

136 2022 176 2063 ac
190 1999 266 2081 filio
285 2001 481 2084 Tyrsaehiib
505 2001 621 2064 Aledio
644 2010 808 2080 coronato,
839 2023 933 2065 mora
955 2007 1255 2088 nostropromisso

124 2082 220 2168 foret
241 2094 270 2147 et
291 2086 449 2148 ordinata
465 2109 530 2170 per
551 2085 693 2166 hiemem,
728 2095 764 2148 ut
782 2094 929 2170 potenter
958 2089 1192 2170 optinerentur,
1225 2091 1256 2152 si

136 2169 195 2252 qui
216 2170 363 2232 resistcre
378 2169 574 2232 videbantur
589 2168 716 2233 Aleuio.
752 2169 796 2232 Et
811 2192 899 2234 necno
919 2171 1054 2235 breviter
1076 2173 1255 2237 narranda

135 2254 334 2335 suscipimus
356 2277 439 2338 quoe
461 2254 551 2316 circa
567 2275 626 2316 nos
635 2262 754 2338 postea
776 2255 992 2339 contigerunt,
1015 2277 1050 2318 eo
1067 2265 1254 2338 prenotato,

136 2335 234 2420 quod,
255 2337 340 2401 sicut
361 2359 427 2400 non
451 2359 551 2420 opera
574 2338 741 2400 lominum
753 2337 854 2420 fuere
876 2338 933 2400 sed
954 2337 1019 2402 Dei
1062 2362 1124 2402 uae
1141 2337 1255 2406 Grecis

135 2420 325 2501 intulimus,
357 2424 406 2484 ita
438 2443 502 2484 non
535 2421 701 2484 lominum
741 2443 842 2506 opera
870 2421 972 2506 fuere
1000 2362 1060 2486 sed
1084 2423 1256 2488 demonum

135 2525 222 2588 quae
257 2527 329 2568 cum
361 2507 557 2589 imperatore
590 2528 671 2568 noco
703 2502 868 2590 Grecoque
894 2528 958 2589 per
993 2507 1105 2570 omnia
1133 2505 1255 2572 Gracia

135 2588 229 2652 nobis
260 2611 300 2651 eu·
326 2589 475 2673 perfidia
509 2600 662 2654 consueta
695 2590 854 2654 retribuit.
899 2590 976 2658 ,Nos
1009 2591 1176 2676 siquidem,
1214 2615 1255 2655 ne

135 2671 324 2737 discordiae
337 2672 487 2757 fomitem
509 2675 595 2736 inter
617 2696 676 2737 nos
698 2683 728 2736 et
743 2671 863 2738 Grecos
885 2676 1088 2739 ministraret
1109 2677 1253 2740 moribus

135 2758 256 2820 nostris
279 2757 419 2820 adversa
441 2758 621 2837 barbaries,
649 2758 688 2822 de
710 2761 839 2842 ciuitate
861 2768 1022 2840 eoceuntes,
1053 2781 1092 2822 ea
1116 2760 1254 2826 adverso

134 2841 278 2904 civitatis
310 2843 522 2906 interiacente
545 2851 648 2926 portu
681 2843 726 2906 ud
753 2865 867 2926 preces
903 2845 1113 2927 imperatoris
1143 2853 1255 2908 castra

131 2926 307 3009 posuimus
314 2948 326 3007 ,·
342 2935 370 2987 et
385 2947 424 2988 erc
438 2929 619 3010 insperato,
634 2949 691 2989 seu
707 2927 826 2991 innata
840 2927 986 3007 malicia,
1009 2950 1065 2990 seu
1078 2925 1256 2994 Grecorum

135 3008 288 3072 seductus
303 3009 463 3093 perfidia,
486 3011 595 3073 animo
618 3009 738 3073 recedit
759 3010 891 3074 duobis
914 3012 969 3074 cui
990 3019 1085 3075 tauta
1100 3011 1257 3092 beneficia

135 3091 342 3157 contulimus.
386 3093 461 3177 Ipse
484 3095 628 3157 enimin
651 3093 818 3157 omnibus⁰
840 3117 911 3157 cum
923 3103 1031 3177 patre,
1049 3098 1255 3179 patriarcha

134 3185 165 3240 et
185 3176 265 3241 mole
287 3176 445 3242 nobilium
466 3177 558 3241 nobis
582 3179 759 3260 promissis
782 3179 944 3262 periurus
973 3192 1000 3240 et
1025 3176 1178 3260 mendace,
1210 3189 1256 3243 tot

135 3262 280 3324 incurrit
297 3263 453 3345 periuria
481 3260 591 3346 quodd
618 3260 710 3325 nobis
735 3261 880 3345 prestitit
910 3262 1107 3324 iuramenta.
1165 3263 1257 3327 Unde

135 3353 245 3408 nostro
268 3344 399 3407 tandem
429 3345 600 3409 destitutus
629 3345 767 3422 arcudio,
790 3344 905 3430 prelia
928 3353 1043 3408 contra
1072 3367 1132 3408 nos
1153 3348 1254 3410 medi-

132 3437 226 3491 tatur
256 3431 424 3492 incussum
452 3438 480 3492 et
507 3430 648 3515 navipii,
679 3430 766 3513 quod
787 3451 859 3493 eum
889 3428 1077 3491 adduuerat
1105 3439 1134 3493 et
1155 3429 1254 3496 sulli-

132 3521 283 3576 maoerat
316 3513 361 3577 ad
393 3535 559 3592 coronam,
591 3521 754 3597 procurat
782 3512 958 3592 incendia,
996 3512 1054 3575 sed
1083 3523 1155 3577 uoto
1189 3524 1256 3579 tam

135 3595 270 3676 crudeli,
292 3596 363 3660 Deo
386 3620 446 3662 nos
462 3605 660 3680 protepente,
680 3596 891 3679 fraudatur,·
917 3595 960 3676 fit
987 3617 1074 3680 pars
1104 3619 1168 3661 sua
1191 3621 1256 3682 per

134 3690 254 3744 cuncta
286 3681 436 3761 deterior,
473 3689 502 3746 et
535 3681 700 3744 lominum
733 3702 866 3744 suorum
900 3679 1001 3760 cedes,
1037 3681 1195 3748 inccndio
1227 3693 1257 3746 ct

134 3787 177 3827 ra
202 3766 280 3828 inae
298 3766 510 3849 proveniunt.
553 3763 735 3830 Inminente
755 3763 849 3849 foris
876 3786 1010 3850 pupna,
1042 3767 1135 3830 intus
1163 3769 1255 3832 timo·
1351 3765 1353 3770 ’

133 3787 228 3911 ridics
249 3857 430 3930 coartatur,
452 3850 679 3933 imperatorem
701 3849 731 3911 ci
753 3848 890 3913 emulum
906 3849 1110 3933 parantibus
1133 3848 1255 3934 Grecis,

132 3952 173 3996 eo
204 3934 372 3996 occasione
402 3941 547 4017 captata,
577 3932 664 4017 quod
693 3931 819 3996 nullum
846 3932 893 3996 ad
922 3931 1087 3998 auritium
1109 3943 1257 4001 nostrum

132 4015 261 4080 deleret
290 4017 406 4080 labere
435 4016 639 4100 consupium.
690 4015 831 4101 Cumque
861 4016 964 4080 eidem
993 4018 1156 4083 euadendi
1183 4043 1257 4105 spes

135 4102 238 4164 unica
260 4109 395 4164 restaret
415 4102 451 4164 in
474 4100 575 4182 nobis,
598 4102 746 4165 iuratum
762 4100 827 4164 sibi
840 4099 1004 4186 quendum
1019 4101 1256 4187 Moreluflum⁰

135 4186 276 4264 nomine,
306 4185 471 4269 sanquine
493 4186 556 4249 sibi
573 4185 814 4269 propinquum,
847 4184 886 4247 de
916 4207 979 4268 quo
1003 4206 1069 4267 pro
1092 4185 1255 4266 beneficiis

134 4343 159 4397 a)
175 4346 296 4387 Hinehsut
310 4357 367 4389 corr.
384 4347 502 4390 thchnut
517 4347 558 4390 01.
612 4346 636 4399 b)
652 4346 739 4387 Inachii
752 4347 834 4396 Boura
849 4345 901 4386 Μ’.
918 4345 1028 4390 deu'Arn.
1083 4345 1104 4396 c)
1121 4347 1188 4388 noble
1203 4359 1255 4399 pro·

136 4405 213 4446 missin
228 4405 321 4446 hocloco
331 4406 454 4448 tabetBl.
515 4406 539 4459 d)
556 4407 587 4446 ita
603 4407 663 4447 coda.
725 4404 748 4457 s)
764 4404 919 4446 Marchultum
936 4406 980 4447 02.

980 4476 1021 4542 14
