3122 4978
227 408 416 462 cfluoulcs
435 409 549 462 REGIA
570 409 819 462 COLONIENSIS.
842 410 944 462 CONT.
966 410 1018 461 ΙΙΙ.
1037 408 1069 462 Δ.
1082 409 1161 460 1203.
1207 409 1260 459 207

542 581 706 635 Rec'ensio
726 581 751 634 I.
772 591 796 634 et
816 582 856 635 ΙΙ.

139 670 273 749 uostris,
317 670 355 732 ui
375 670 511 755 naviqio
527 678 678 753 potenter
698 668 877 750 instabant,
894 690 1002 754 prope
1028 689 1139 733 muros
1164 671 1259 732 navi-

139 751 199 815 bus
221 693 420 837 oppllcatis,
445 751 554 817 scalas
581 753 686 816 muris
712 751 922 832 acclinantes,
950 755 1160 816 intraverunt
1187 775 1260 816 cum

140 839 286 900 virtuoso
319 837 441 919 impetu
468 839 639 918 civitatem,
667 835 710 899 30
736 835 885 900 turribus
907 835 994 900 lucri
1013 836 1142 918 factisa
1163 837 1260 899 luctu

141 921 355 1005 quantitatem
378 920 568 1001 auertant,
591 929 619 982 et
641 920 832 985 decivitate
855 921 1103 985 nonmodicum
1117 920 1259 984 combus-

141 1012 264 1068 serunt.
306 1005 421 1068 Nostri
442 1027 567 1090 quoque
588 1026 665 1068 suos
681 1026 746 1088 per
777 999 898 1067 ter'ram
921 1003 1086 1085 facientes
1107 1003 1259 1085 insultus,

141 1086 241 1151 scalis
263 1088 413 1152 similiter
433 1111 527 1152 muro
551 1111 596 1172 up
623 1089 724 1169 ositis,
747 1110 827 1152 suas
842 1110 943 1172 super
956 1111 1067 1152 muros
1078 1097 1261 1173 posuerunt

141 1171 296 1235 banerias
325 1180 354 1233 et
381 1171 514 1239 vercilla.
602 1173 740 1236 initores
768 1195 843 1236 vero
872 1194 983 1235 muros
1009 1172 1151 1256 inferius
1185 1172 1259 1236 sub·

67 1259 69 1262 ’
141 1263 304 1335 cavantes,
327 1278 429 1320 unam
444 1258 563 1320 turrim
577 1266 772 1320 straverunt.
807 1257 897 1322 Tunc
913 1257 1101 1341 imperator,
1118 1257 1260 1321 civitatis

140 1339 293 1403 incendio
325 1349 355 1404 et
385 1342 506 1404 uostris
532 1340 669 1405 insidiis
698 1341 845 1426 undique
874 1348 1056 1421 coartatus,
1093 1341 1260 1404 constituit

139 1422 185 1486 ad
201 1433 322 1508 portos
345 1423 505 1510 sinqulas,
529 1447 612 1509 quae
635 1425 680 1488 ad
701 1447 834 1508 campos
854 1427 976 1488 ercitum
988 1423 1174 1507 faciebant,
1189 1433 1257 1486 tur-

138 1530 211 1571 mas
232 1507 372 1572 militum
394 1531 460 1571 uon
477 1530 676 1593 paucorum,
692 1519 728 1572 ut
743 1531 802 1572 uos
818 1507 1070 1594 circumquaque
1094 1508 1261 1572 assilirent

139 1600 168 1654 et
188 1594 324 1656 invasos
344 1593 544 1656 involverent
565 1602 594 1656 et
614 1601 818 1656 truncarent.
860 1593 1007 1656 Eoontra
1029 1615 1091 1657 nos
1110 1591 1260 1656 sim-iliter

138 1684 271 1739 nostros
295 1677 523 1740 ordinavimus
539 1699 688 1762 puqnas,
710 1674 1063 1741 comesFlondrensis*
1085 1699 1157 1740 cum
1179 1677 1258 1752 suis,

139 1782 154 1823 c
180 1781 197 1822 o
230 1782 355 1845 quoque
387 1783 459 1824 cum
490 1763 580 1840 meis,
612 1770 744 1846 uterque
776 1762 813 1824 in
846 1782 905 1824 suo
939 1783 1039 1824 cuneo
1072 1761 1258 1824 consistens.

139 1782 288 1906 decimus
311 1853 418 1907 autem
439 1844 630 1925 custodiam,
653 1854 682 1906 et
703 1845 919 1930 equitavimus
953 1844 1104 1908 ordinate
1133 1853 1162 1906 et
1182 1866 1257 1908 con·

138 1929 246 1991 iuncti
274 1937 389 1992 contra
411 1927 559 2012 prelium
587 1929 680 1992 uobis
710 1929 925 2008 contrarium,
955 1949 1007 1992 eos
1030 1929 1111 1992 adeo
1134 1950 1263 2012 appro·-
1354 1949 1361 1954 ·

133 2013 349 2097 pinquantes,
381 2012 469 2098 quod
497 2035 608 2076 eorum
636 2014 809 2097 saqittarii
841 2020 870 2074 et
892 2011 1058 2076 balistarii
1086 2012 1259 2076 trabebant

138 2097 177 2160 iu
207 2118 277 2176 nos,
306 2097 411 2160 nostri
443 2118 568 2182 quoque
600 2099 637 2160 iu
667 2099 768 2180 ipsos.
821 2094 899 2160 Cum
927 2097 997 2181 ipsi
1024 2095 1172 2160 viderent
1198 2117 1258 2159 uos

138 2181 371 2264 maqnanimos
386 2203 453 2244 esse
468 2189 497 2242 et
508 2189 700 2262 constantes,
713 2181 863 2244 ordinate
902 2181 1049 2244 rocedere
1062 2189 1091 2242 et
1101 2181 1258 2261 seriatim,

139 2272 169 2326 et
182 2285 241 2327 nos
257 2286 323 2327 non
339 2286 439 2348 posse
478 2263 605 2328 ociliter
618 2265 812 2350 enpuqnari
825 2202 1065 2348 vellborrumpi,
1080 2265 1149 2347 ipsi
1162 2262 1259 2328 valdo

132 2349 306 2432 perterriti
327 2357 355 2409 ct
376 2370 436 2412 con
455 2350 509 2412 usi
530 2349 674 2412 cedentes
702 2349 806 2428 nobis,
834 2370 901 2411 non
932 2349 1009 2411 ausi
1024 2347 1172 2431 fuerunt
1193 2347 1259 2412 Dei

137 2433 253 2517 qratia
274 2431 434 2496 dimicare
456 2432 632 2496 nobiscum.
675 2433 718 2496 Et
739 2433 863 2514 sciatis,
887 2432 974 2517 quod
993 2454 1059 2496 uon
1071 2431 1205 2515 fuimus
1220 2433 1257 2496 in

138 2524 201 2578 toto
224 2517 367 2579 evercitu
389 2525 499 2580 nostro
515 2516 634 2601 plures
654 2539 755 2642 quum
785 2518 977 2602 quinqenti⁰
997 2516 1113 2580 milites
1136 2525 1164 2578 et
1186 2517 1257 2580 toti-

139 2598 210 2663 dem
231 2601 361 2684 equites,
384 2603 548 2665 variantes
576 2623 643 2664 non
698 2601 872 2664 babuimus
898 2599 1013 2684 plures
1043 2623 1140 2685 quam
1170 2601 1257 2664 duoe

138 2681 232 2747 milia
257 2685 407 2769 peditum
413 2707 426 2766 ,·
454 2685 563 2748 maior
590 2685 676 2749 enim
702 2707 790 2769 pars
819 2684 1023 2748 statuebatur
1052 2685 1097 2748 ad
1118 2685 1258 2769 inqeniu

138 2776 254 2832 nostra
276 2769 513 2833 conservanda.
570 2767 732 2833 Videntess
761 2778 868 2833 autem
894 2790 947 2832 eos
959 2769 1083 2853 fuqere
1105 2777 1134 2832 et
1155 2768 1257 2849 obire,

137 2850 301 2917 noluimus
323 2854 463 2936 insequi,
486 2851 630 2936 neforto
646 2874 711 2936 per
731 2875 842 2916 eorum
871 2853 960 2916 dolos
982 2863 1011 2918 et
1031 2853 1178 2917 insidias
1205 2874 1258 2915 eu-

137 2938 255 3000 ercitui
275 2945 383 3001 nostro
406 2945 436 3001 et
456 2935 577 3001 bellicis
598 2937 761 3018 machinis
783 2938 903 3001 nostris
924 2935 972 3000 vel
993 2936 1151 3017 turribus,
1195 2959 1258 3000 uas

145 3019 252 3084 Veneti
265 3029 428 3104 ceperant,
443 3020 626 3104 dampnum
638 3018 810 3104 inferrent.
842 3020 1025 3104 Imperator
1038 3043 1113 3084 vero
1127 2960 1258 3085 reolteus

138 3113 229 3169 nocte
245 3104 290 3168 ad
299 3103 474 3189 palacium
491 3127 595 3185 suum,
612 3105 753 3168 asseruit
767 3125 800 3168 se
814 3104 851 3166 in
867 3105 1012 3167 crastino
1021 3113 1258 3189 puqnaturum

136 3188 312 3256 nobiscum.
360 3188 486 3252 Eadem
519 3197 625 3252 autem
656 3197 747 3252 nocte
773 3188 882 3251 media
909 3189 1089 3272 imperator
1121 3184 1258 3252 latenter

109 3289 112 3293 ·
139 3271 282 3357 aufupit.
336 3272 401 3336 Die
423 3294 498 3336 vero
524 3273 642 3352 Iovisss,
671 3274 756 3336 sicut
775 3275 956 3356 imperator
971 3272 1183 3355 promiserat,
1205 3272 1257 3336 de·
1266 3289 1353 3332 suu.

137 3356 267 3420 buimus
284 3359 416 3440 pariter
436 3357 606 3420 dimicare.
650 3356 690 3419 In
713 3357 858 3419 crastino
882 3354 950 3419 Deo
972 3363 1163 3438 cooperante
1182 3354 1258 3439 fuit

137 3440 255 3504 civitas
286 3440 418 3504 reddita
446 3441 549 3520 uobis,
584 3449 612 3503 et
640 3450 717 3504 tunc
734 3440 881 3525 fuerunt
910 3438 929 3502 8
958 3439 1028 3502 dies
1061 3437 1208 3522 completi
1236 3462 1257 3502 a

138 3525 282 3588 civitatis
311 3524 488 3589 obsidione.
544 3524 635 3588 Tunc
663 3546 737 3588 vero
766 3525 920 3587 Tirsacus
941 3524 1119 3607 imperator
1140 3532 1168 3588 et
1196 3524 1257 3586 im-

131 3609 299 3694 peratriu,
322 3631 409 3672 uuor
430 3612 511 3688 eius,
532 3608 679 3672 videlicet
700 3630 794 3672 soror
815 3611 904 3693 reqis
926 3607 1105 3693 Unqariac,
1124 3607 1182 3692 qui
1197 3606 1284 3671 diu'

137 3692 175 3755 in
199 3692 332 3756 borrore
363 3694 506 3756 carceris
535 3695 615 3756 tenti
635 3692 780 3777 fueraut
801 3700 830 3757 et
850 3691 982 3772 inclusi,
1005 3690 1097 3756 nobis
1126 3692 1257 3778 pretias

136 3775 345 3839 multimodos
366 3776 550 3861 referentes,
571 3776 824 3856 mandaverunt,
846 3777 934 3861 quod
979 3798 1014 3839 er
1025 3776 1091 3838 Dei
1110 3777 1257 3860 qratiam

137 3869 167 3921 et
195 3867 343 3923 nostrum
376 3860 539 3924 ancilium
562 3862 706 3944 fuerant
736 3884 758 3924 a
786 3882 915 3926 carcerc
956 3859 1084 3940 iberati‚
1114 3869 1143 3922 et
1169 3860 1257 3946 quod

136 3943 235 4007 decus
256 3945 390 4027 imperii
409 3944 617 4026 relabebant,
639 3953 668 4008 et
688 3967 749 4009 nos
776 3947 810 4010 in
840 3947 986 4010 crastino
1008 3945 1191 4008 veniremus
1218 3945 1255 4008 iu

129 4025 305 4112 palacium
327 4036 493 4113 tamquam
514 4030 551 4092 in
566 4038 713 4092 nostrum
734 4028 888 4110 oumfilio
904 4051 963 4094 suo
979 4031 1039 4094 diu
1054 4028 1254 4110 desiderato;

211 4149 240 4218 *)
260 4151 430 4220 B[alduinus]
448 4155 513 4207 add.
533 4154 586 4206 02.

133 4297 158 4351 a)
174 4298 254 4340 {notis
275 4301 326 4343 131.
340 4301 384 4342 01.
400 4303 422 4342 2.
497 4300 522 4354 b)
537 4301 636 4344 atrebati
649 4276 700 4352 tm
720 4303 757 4342 sed
770 4305 871 4342 nastrum
891 4300 992 4352 inteutqo.
1076 4299 1097 4352 c)
1112 4299 1204 4340 ducenti
1225 4299 1254 4339 u

135 4357 159 4410 d)
174 4360 230 4398 deest
246 4359 290 4400 at.
350 4358 373 4412 s)
387 4361 496 4401 undecim
513 4363 556 4404 02,
617 4359 700 4415 olive
715 4361 821 4402 videntes
838 4363 883 4412 013
898 4361 946 4402 Nos
961 4370 1016 4401 vero
1032 4359 1079 4400 sid.
1095 4359 1123 4398 u.
1184 4355 1255 4408 g)Io·

133 4418 220 4459 hannis
236 4419 291 4459 miro
306 4429 359 4460 sone
373 4430 448 4462 errore
462 4419 487 4464 P.
