3122 4978
324 435 376 486 reo
412 431 989 490 onnonrcnanomconormnsrs.
1011 434 1114 486 conr.
1126 435 1163 484 11.
1183 435 1217 485 A.
1231 400 1310 483 1219}
1323 430 1404 482 1220.

559 601 654 666 Anno
678 601 838 665 dominice
859 600 1089 666 incarnationis
1113 601 1205 666 1219.
1368 679 1371 684 Ι

216 707 313 751 reare.
408 686 448 750 In
468 686 549 751 festo
571 687 674 751 sancti
688 685 840 750 Iohannis
855 682 993 770 baptiste
1009 684 1193 750 Fridericus
1214 708 1273 751 rex
1295 706 1446 748 coronam

323 780 355 836 et
375 769 521 834 lanceam
543 779 714 856 ceteraque
735 769 892 854 regalium
914 780 1085 834 ornatuum
1105 769 1246 855 insignia
1260 771 1383 854 recepit
1404 767 1446 832 ab

322 854 478 919 Heinrico
500 853 583 918 duce
606 854 757 934 saxonie,
779 851 876 916 fratre
898 851 1026 918 Ottonis
1050 852 1212 940 quondam
1233 854 1278 917 im
1303 855 1448 934 oratorie,

323 937 406 1003 datis
444 937 549 1002 eidem
584 937 659 1002 duci
687 937 839 1002 undecim
868 957 1049 1001 marcarum
1084 936 1224 1001 milibus.
1308 938 1447 1002 einricus

323 1023 409 1087 enim
431 1021 499 1086 dux
521 1024 629 1085 omnia
657 1044 720 1108 que
748 1021 855 1086 fratris
888 1030 979 1085 erant
1009 1020 1062 1086 vel
1094 1043 1156 1108 que
1185 1021 1248 1086 sibi
1275 1021 1345 1108 ipse
1369 1021 1448 1088 Otto

322 1115 397 1191 post
430 1107 586 1170 amissum
622 1106 794 1190 imperium
827 1104 1053 1191 undecumque
1072 1123 1073 1127 ’
1090 1114 1342 1190 congregaverat
1373 1116 1449 1190 post

322 1203 459 1254 mortem
492 1189 597 1254 fratris
629 1189 693 1254 sibi
721 1198 941 1275 usurpaverat.
1006 1188 1130 1254 Oivitas
1159 1189 1351 1272 Damiata³,
1381 1191 1449 1265 iarn

322 1273 453 1339 biennio
475 1295 495 1337 a
517 1273 699 1338 christianis
727 1271 867 1355 obsessa,
898 1273 983 1338 fame
1012 1294 1050 1336 ac
1073 1274 1126 1336 siti
1154 1274 1305 1361 omnique
1328 1295 1447 1358 genere

323 1355 480 1422 bellorum
517 1356 758 1422 intolerabiliter
786 1359 980 1440 excruciata,
1016 1358 1102 1421 circa
1136 1357 1253 1422 festum
1282 1357 1447 1421 omniumb

226 1463 282 1507 rav.
293 1465 313 1505 1.
325 1450 509 1506 sanctorum
532 1463 570 1506 ca
595 1451 628 1505 ta
650 1452 708 1506 est.

639 1547 658 1589 o
681 1525 841 1589 dominice
862 1524 1088 1588 incarnationis
1112 1525 1204 1589 1220.

212 1623 313 1676 Aret*-
409 1608 505 1676 Circa
525 1609 644 1674 festum
667 1612 769 1673 sancti
789 1607 922 1695 Georgii
949 1610 1097 1694 maltyris
1127 1611 1250 1674 curiam
1272 1607 1448 1674 celebravit

324 1692 412 1757 aud
433 1693 658 1758 Frankenvort
679 1692 861 1757 Fridericus
891 1716 950 1757 rex
979 1695 1019 1757 14
1051 1692 1174 1769 diebus,
1208 1691 1265 1756 ubi
1297 1692 1447 1778 pluribus

324 1715 473 1841 adunatis
494 1778 600 1863 princi
624 1775 707 1858 ibus,
730 1777 830 1842 multa
851 1776 892 1842 (le
909 1787 995 1841 statu
1009 1785 1041 1842 et
1054 1776 1188 1842 utilitate
1202 1800 1237 1841 re
1260 1777 1294 1840 ni
1309 1787 1449 1842 tractata

326 1870 416 1944 sunt3
446 1863 564 1926 iniusta
585 1800 734 1943 tlelonia
762 1862 880 1926 iniuste
901 1869 1038 1942 monete,
1065 1860 1151 1928 bella
1172 1861 1233 1925 civ'
1248 1883 1289 1942 ra,
1319 1863 1381 1925 nisi
1404 1861 1447 1926 de

325 1967 484 2009 consensu
505 1955 536 2010 et
559 1944 693 2009 consilio
715 1946 801 2030 regia
823 1955 855 2010 et
876 1945 1070 2032 principum,
1094 1967 1269 2031 omnesque
1284 1945 1446 2010 iniusticie

325 2028 386 2093 sub
414 2029 534 2094 iudicio
562 2039 595 2095 et
620 2051 706 2114 pena
731 2031 797 2094 vite
824 2051 843 2094 e
870 2052 946 2116 rege
979 2038 1012 2095 et
1042 2031 1245 2115 principibus
1275 2028 1448 2094 interdicte

325 2122 431 2177 sunta
479 2112 531 2178 Ibi
553 2115 649 2178 etiarn
670 2113 874 2178 Fridericus⁰
902 2161 1448 2184 ..................

325 2273 348 2327 a)
365 2276 467 2317 Domata
482 2276 529 2317 Aa.
590 2275 614 2328 b)
632 2275 695 2316 omni
711 2276 757 2318 Ar.
819 2275 840 2326 c)
857 2279 890 2317 hie
905 2278 983 2317 decinit
999 2276 1047 2324 Aa,
1064 2277 1148 2326 reliquo
1163 2277 1236 2326 spatio
1248 2279 1346 2328 popinae
1361 2284 1379 2318 et
1395 2281 1448 2320 reli·

324 2335 374 2384 quie
388 2335 454 2384 foliio
474 2341 570 2386 quotuor
584 2337 665 2376 rediet
680 2337 754 2376 occule
769 2337 855 2376 relictio.
1410 2363 1414 2370 ·

327 2465 355 2532 1)
386 2465 426 2532 Of.
453 2465 625 2535 privilegiam
653 2467 683 2517 in
702 2467 829 2534 favorem
852 2468 1007 2533 principum
1036 2468 1285 2531 ecclecioeticorum‚
1314 2468 1372 2522 LL.
1403 2470 1449 2534 Π,

323 2556 352 2604 p.
373 2539 445 2601 2355
464 2541 512 2593 aad
530 2540 600 2590 oliae
619 2557 721 2606 quoque
740 2541 806 2606 tepea
825 2548 888 2591 tuno
907 2541 985 2592 datas
1005 2543 1047 2593 vel
1064 2549 1207 2594 reuocatae
1227 2557 1292 2605 eece,
1312 2542 1354 2594 hie
1373 2543 1449 2596 locem

326 2620 351 2664 et
370 2611 479 2666 Reimrt
497 2613 615 2666 Annales
631 2631 661 2680 p.
682 2614 744 2666 678.
758 2613 885 2680 probant.
