3098 4982
428 415 613 468 DIALOGUS
635 413 786 468 CLERICI
804 418 852 468 ET
869 417 981 471 mul.
1207 421 1260 470 821

226 583 354 652 Laicus.
397 583 471 647 Hoc
493 605 563 648 esse
584 593 703 670 posset,
724 584 751 647 si
772 593 901 649 noster*
924 585 1181 673 archiepiscopus
1202 608 1261 653 nos

141 669 284 751 citasset3
307 667 362 731 sed
386 666 463 754 quid
485 667 528 731 ad
549 689 607 732 nos
629 668 670 732 de
693 667 861 733 scolastico
878 670 987 734 Sancti
1003 669 1159 736 Cerconis
1174 672 1261 737 etde

142 750 289 838 plebanis
311 751 422 817 Sancti
443 750 610 816 Laurentii
631 761 663 816 et
685 751 803 817 Sancte
825 753 1001 838 Brigide1‘?

226 835 380 902 Clericus.
437 835 523 916 Quia
549 837 612 922 ipsi
639 835 763 900 iudices
789 847 864 901 sunt
892 837 1014 901 domini
1040 860 1141 926 pape;
1199 859 1263 926 apa

140 921 227 984 enim
247 919 300 984 vel
320 942 380 1006 per
400 942 434 984 se
455 919 509 984 vel
529 942 588 1018 per
601 920 724 985 iudices
739 942 820 1007 quos
835 918 962 1068 delegat
975 923 1008 984 in
1023 925 1110 988 omni
1128 861 1263 989 ecclesia

140 1025 199 1068 sua
209 1012 315 1090 potest
325 1004 460 1091 exsequi
471 1004 642 1069 iusbciam.
656 1004 748 1069 Licet
759 1005 844 1068 enim
854 1027 909 1069 arc
933 1007 1098 1093 iepiseopi,
1106 1007 1261 1095 episcopi,

140 1087 366 1170 archidiaconi,
383 1087 507 1168 decani,
527 1087 707 1153 sacerdotes
726 1089 834 1152 vocati
852 1090 916 1154 sint
932 1091 965 1153 in
976 1101 1099 1176 partem
1111 1090 1262 1156 sollicitu-

140 1172 234 1254 dinis,
255 1171 341 1236 solus
363 1181 470 1237 tamen
492 1171 639 1237 dominus
658 1194 743 1258 papa
757 1173 854 1237 estin
868 1173 1066 1260 plenitudine
1087 1175 1262 1261 dignitatis.
1360 1189 1365 1196 '

142 1256 234 1321 Unde
245 1255 374 1342 plenam
390 1257 510 1343 ubique
546 1265 712 1322 otestatem
724 1255 821 1322 habet
836 1279 928 1321 suam
941 1281 1016 1323 exse
1040 1260 1073 1323 ui
1091 1260 1261 1324 iusticiam.

139 1339 259 1406 Citatio
271 1362 348 1424 ergo
360 1339 474 1405 horum
488 1279 631 1405 iudicum
647 1365 689 1406 ex
703 1342 891 1406 auctoritate
905 1353 1001 1429 apost
1033 1345 1084 1408 ica
1098 1345 1200 1408 maior
1215 1353 1263 1408 est

139 1425 289 1490 citatione
304 1424 550 1525 archiepiscopi,
572 1436 604 1490 et
625 1427 671 1489 sic
687 1425 883 1491 sufficienter
897 1427 973 1491 estis
987 1449 1046 1491 vos
1058 1428 1156 1492 citati.
1179 1427 1261 1492 Con-

138 1509 215 1574 victi
237 1518 345 1574 autem
366 1518 443 1574 estis
464 1531 506 1574 ex
528 1510 689 1575 evidentia
703 1509 793 1593 facti3
839 1511 894 1574 uia
908 1513 1069 1590 notorium
1084 1521 1141 1576 est.
1178 1511 1262 1577 Con-

139 1591 214 1658 fessi
230 1594 315 1674 estis,
332 1595 408 1678 quia
421 1592 543 1658 factum
564 1615 629 1658 non
651 1595 786 1679 negatis.
850 1595 911 1659 tsi
932 1617 991 1693 pro
1013 1596 1074 1659 hoc
1091 1596 1175 1660 lacto
1197 1617 1263 1660 non

139 1677 252 1740 essetis
268 1679 550 1758 excommunicati,
573 1677 686 1742 saltem
706 1700 765 1763 pro
788 1700 826 1743 eo
849 1689 961 1743 essetis
983 1680 1262 1762 excommunicati,

162 1759 227 1824 uod
249 1760 432 1824 sacerdotes
453 1760 675 1826 inobedientes
697 1771 729 1826 et
750 1763 1046 1826 excommunicatos
1073 1764 1107 1826 in
1134 1763 1263 1828 malicia

137 1781 265 1924 lbvetis,
300 1846 399 1907 immo
431 1843 473 1908 ad
506 1843 708 1930 sacrilegium
742 1846 856 1929 cogitis
889 1855 921 1910 ct
951 1845 1132 1913 hortamini.
1197 1848 1263 1929 Qui

138 1928 309 1992 miserrimi
332 1928 475 1991 omnium
497 1927 662 1992 hominum
684 1928 778 1993 vobis
799 1928 966 1994 adulantes
994 1952 1059 1994 non
1085 1931 1261 2014 attendunt,

162 2011 276 2076 naliter
303 2011 435 2077 Lucifer
463 2011 503 2076 de
532 2011 601 2076 celo
630 2012 747 2077 cecidit
782 2023 915 2100 propter
949 2013 1198 2080 inobedientiam
1231 2025 1264 2082 et

171 2095 245 2160 dam
269 2095 308 2160 de
331 2095 480 2182 paradiso
503 2095 657 2182 expulsus
703 2106 811 2183 ropter
825 2097 1091 2181 inobedientiam,
1115 2098 1261 2167 Christus

139 2191 247 2245 autem
261 2191 395 2267 propter
409 2180 495 2266 quod
512 2181 665 2245 obediens
676 2119 765 2245 latri
776 2182 880 2245 factus
897 2190 947 2246 est
957 2185 1074 2246 meruit
1088 2182 1263 2267 gloriosam

138 2266 403 2330 resurrectionem
416 2263 598 2330 etnobilem
612 2264 811 2350 triumphum
826 2267 867 2330 de
880 2266 1026 2352 principe
1041 2265 1261 2351 tenebrarum3

138 2359 173 2414 et
199 2370 274 2413 cum
296 2347 397 2413 laicus
424 2347 540 2434 aliquis
562 2359 611 2414 est
633 2351 940 2428 excommunicatus,
963 2371 1028 2414 non
1042 2352 1262 2416 intromittitur

138 2435 223 2498 intra
243 2434 381 2520 parietes
404 2432 548 2515 ecclesie,
571 2443 603 2498 et
631 2435 685 2498 isti
705 2432 849 2498 infelices
875 2433 996 2499 audent
1020 2435 1137 2501 intrare
1165 2437 1261 2502 etiam

139 2540 242 2604 usque
264 2517 306 2582 ad
328 2527 438 2582 sancta
452 2513 634 2582 sanctorum
657 2526 689 2581 et
709 2527 841 2604 tangere
856 2517 1003 2604 sacrilegi
1025 2523 1262 2586 sanctissimum

139 2623 258 2687 corpus
279 2602 377 2665 Ihesu
405 2601 532 2685 Christi,
558 2602 646 2702 quod
668 2623 710 2666 ex
730 2603 848 2667 virtute
877 2603 1047 2668 verborum
1080 2604 1262 2687 conficitur,

141 2707 205 2773 que
226 2686 237 2747 i
263 2686 289 2748 si
311 2685 477 2833 dampnati
499 2707 553 2750 ore
574 2686 741 2751 rmmundo
764 2696 796 2752 et
819 2686 914 2751 labiis
936 2684 1066 2787 pollutis
1087 2688 1262 2775 proferunt.

253 2769 353 2834 uicus.
412 2770 424 2832 i
444 2771 491 2832 ita
511 2779 596 2834 esset
616 2771 699 2835 sicut
720 2769 967 2858 tumultiloquro
982 2782 1038 2836 tuo
1052 2794 1111 2837 nos
1125 2773 1262 2855 territas,

139 2875 343 2939 nequaquam
364 2853 426 2916 viri
448 2851 590 2938 religiosi
611 2852 651 2918 de
674 2855 762 2917 omni
783 2855 894 2920 ordine
914 2858 960 2920 ita
981 2857 1135 2922 sentirent
1155 2857 1262 2922 nobis-

141 2960 226 3018 cnm,
249 2939 332 3000 sicut
351 2936 471 3000 iaciunt
491 2937 641 3000 monachi
662 2938 788 3021 grisei2,
810 2936 885 3020 albi,
904 2939 998 3024 nigri,
1014 2951 1046 3005 et
1059 2963 1125 3006 non
1138 2950 1263 3006 tantum

141 3020 300 3103 monachi,
322 3020 380 3084 sed
401 3041 511 3084 corum
533 3021 667 3086 abbates
681 3021 850 3085 nobiscum
870 3032 970 3105 stant3
994 3035 1141 3109 preterea
1155 3023 1263 3090 clerici

141 3103 282 3186 litterati,
306 3106 361 3191 qui
382 3125 507 3168 sacram
529 3105 681 3190 paginam
702 3115 870 3187 noverunt,
893 3107 948 3190 qui
970 3104 1057 3190 leges
1072 3129 1111 3172 ac
1126 3126 1264 3173 canones

143 3189 262 3275 optime
283 3197 450 3271 noverunt,
472 3188 642 3270 affirmant,
665 3189 741 3274 quia
760 3187 931 3253 nobiscum
952 3190 1067 3254 iniuste
1086 3202 1193 3256 actum
1208 3193 1264 3274 sit3

142 3295 279 3362 quorum
301 3272 482 3338 testimonio
504 3271 577 3358 plus
600 3294 697 3358 quam
718 3281 775 3336 tuo
798 3271 894 3358 digne
916 3272 1046 3338 credere
1068 3273 1232 3340 debemus.

228 3357 381 3423 Clericus.
431 3357 489 3421 Isti
512 3367 587 3420 sunt
608 3366 641 3420 et
660 3378 719 3421 vos
749 3357 825 3422 estis
847 3354 887 3420 de
915 3355 1032 3442 quibus
1054 3357 1192 3422 dictator
1212 3357 1264 3422 ille

142 3443 290 3528 egregius
305 3442 460 3525 magister
473 3441 587 3506 Petrus
602 3439 765 3506 Blesensis
785 3439 1031 3505 archidiaconus
1054 3440 1151 3506 dixit:
1174 3443 1265 3507 Mide

143 3551 178 3591 re
202 3528 232 3589 is
253 3528 338 3590 vicio
363 3547 460 3589 aurea
482 3535 601 3611 perant
623 3526 715 3590 asiai
735 3526 850 3610 magui
871 3547 982 3590 rerum
997 3525 1131 3607 domini,
1148 3527 1265 3611 quibus

144 3549 294 3675 adulatio
310 3609 436 3695 palpat
457 3608 520 3674 late
542 3608 683 3694 patulus
714 3607 888 3673 auriculas
915 3619 944 3672 et
971 3610 1111 3674 bomani
1138 3611 1266 3686 bibulus

134 3693 378 3780 superinduci
399 3695 439 3758 dc
460 3715 493 3758 se
515 3695 644 3758 eredere
659 3694 817 3779 quicquid
834 3701 939 3777 potest
951 3694 1082 3779 fingere
1096 3717 1160 3760 coar
1183 3696 1265 3760 adu-

143 3778 269 3842 latoris.
317 3773 510 3843 Adulatores
540 3778 661 3864 quippe
689 3777 787 3841 vestri
817 3785 901 3858 sunt,
946 3779 980 3840 ui
1006 3778 1205 3844 attendentes
1228 3800 1267 3845 ea

145 3884 208 3948 que
230 3882 288 3924 sua
308 3870 382 3925 sunt
403 3871 436 3926 et
455 3883 521 3926 non
540 3883 579 3926 ea
600 3883 662 3948 que
672 3860 769 3926 Ibesu
780 3859 908 3943 Christi,
924 3798 1002 3925 dum
1020 3859 1112 3926 vobis
1133 3871 1267 3950 propter

144 3944 334 4032 temporalia
347 3943 564 4028 blandiuntur,
576 3954 609 4011 et
621 3967 679 4011 vos
695 3953 727 4011 et
741 3967 775 4010 se
789 3946 888 4032 ipsos,
900 3945 975 4031 quia
987 3955 1096 4010 eterna
1106 3948 1267 4032 amittrmt,

144 4107 169 4160 a)
186 4113 265 4160 pastor
278 4119 337 4149 corr.
354 4111 433 4149 noster·
447 4119 465 4152 a

148 4245 177 4312 1)
208 4248 280 4308 Quos
303 4264 383 4314 papa
410 4247 511 4300 iudicer
539 4247 672 4300 mastituit
701 4266 727 4300 a.
750 4249 834 4310 1206,·
862 4267 888 4302 o.
908 4249 1031 4312 Borma,
1052 4251 1116 4320 ch.
1136 4267 1179 4305 ar.
1200 4251 1267 4304 213.

147 4315 176 4385 2)
199 4319 308 4372 Ordinis
329 4319 514 4385 Cistercicasia,
535 4319 565 4373 S.
585 4320 739 4390 Augustini,
758 4321 788 4374 S.
808 4323 957 4376 Benedicti.

995 4391 1035 4454 21
