2988 5058
278 359 429 413 OLIVERl
448 357 603 410 RELATIO
623 360 673 410 DE
693 359 826 410 EXPED.
846 357 1063 408 DAMIATINA.
1177 359 1229 410 att

110 533 232 602 periculo
259 533 431 599 reliquerunt,
461 532 573 584 elevatis
599 532 666 584 velis
692 534 821 583 abiectoa
845 537 936 598 portu,
966 531 1043 583 nobis
1070 533 1230 598 mesticiam,
1241 542 1307 584 1219.

111 607 271 658 Babilouiis·
288 607 425 658 audatiam
452 606 630 658 coutulerunt.
668 606 721 668 Qui
744 611 888 656 tractatum
914 605 990 671 pacis
1013 606 1230 672 intermittentes,

111 682 140 731 in
165 680 260 746 vigilia
286 680 385 732 Cosmc
412 685 439 730 et
463 681 591 731 Damiaui
617 686 643 730 et
670 681 793 745 sequenti
818 679 861 729 die
886 679 963 736 festo,
993 680 1113 744 proximo
1142 681 1371 754 eciamsgpma..

111 753 206 806 sabato
220 769 280 804 curu
295 753 419 819 galeidis,
438 753 558 805 barbotis
571 769 619 819 per
631 753 738 816 flumen,
759 769 818 803 curn
838 746 1010 818 magnellisb,
1031 755 1133 819 targiis,
1152 755 1227 806 fruu-
1284 761 1321 802 tt.

112 827 189 878 cibus
219 843 267 893 pro
296 826 423 894 inplendo
452 826 552 878 fossato
584 842 632 893 per
662 831 758 877 terram
784 826 890 876 feritate
916 826 1057 877 barbarica
1088 834 1115 879 et
1137 829 1231 894 inpetu

113 907 241 952 consueto
268 916 316 951 uos
340 901 517 967 iupecierunt.
556 899 610 950 Sed
637 899 718 950 durna
743 899 858 949 bellator
883 900 1060 965 triumphator
1083 901 1111 950 iu
1136 901 1231 965 Israel,

111 972 192 1026 solita
217 989 279 1024 usus
299 976 395 1039 gratia
421 978 510 1024 castra
534 978 602 1024 suoc
627 972 757 1035 defendit,
782 967 886 1023 misso(l
911 989 959 1038 per
984 989 1056 1024 utare
1083 973 1231 1025 Saverico⁰

113 1047 147 1098 de
164 1046 278 1098 Mallnin
297 1062 357 1097 cnm
377 1045 493 1111 galeidis
512 1047 620 1096 armatis
639 1051 666 1096 et
685 1045 860 1097 bellatoribus
872 1044 993 1112 plurimis
1012 1047 1039 1096 iu
1058 1048 1117 1113 ipso
1136 1063 1231 1099 neces·

112 1113 218 1172 sitatisf
237 1119 358 1172 articulo.
398 1121 434 1170 Et
452 1136 500 1171 nos
520 1119 666 1170 clamantes
685 1120 713 1168 in
734 1119 830 1182 celum,
850 1135 901 1169 uec
914 1119 1080 1185 trepidantes
1100 1120 1134 1170 ad
1154 1123 1231 1188 iupe-

111 1199 177 1257 tum,
203 1194 251 1244 sed
271 1192 384 1244 viriliter
402 1193 557 1244 resistentes
582 1199 609 1244 et
627 1194 811 1258 reprimentes,
837 1193 1023 1255 interfectost,
1049 1194 1184 1246 sauciatos
1205 1199 1232 1245 et

113 1267 237 1318 confusos
269 1269 303 1318 ab
334 1267 435 1319 insultu
463 1265 587 1318 triduano
615 1266 744 1316 recedere
771 1267 918 1331 coegimus,
946 1267 1030 1331 ipsius
1060 1269 1158 1318 virtute
1185 1268 1231 1334 qui

111 1339 201 1391 salvat
220 1346 358 1408 sperantes
378 1342 406 1390 iu
425 1355 463 1391 se.

188 1410 250 1466 13¹².
270 1416 378 1464 Interea
388 1414 483 1465 civitas
494 1412 633 1464 obsidione
644 1411 734 1479 longa,
743 1413 823 1475 ferro,
832 1413 903 1462 ierne
914 1418 941 1464 et
950 1412 1104 1479 pestilentia
1113 1417 1233 1480 graviter

112 1493 140 1539 et
165 1487 234 1538 ultra
259 1504 338 1554 qnam
364 1487 447 1538 scribi
479 1488 563 1553 possit
592 1487 710 1549 afflicta,
741 1488 769 1536 in
794 1485 853 1536 sola
877 1502 961 1552 pace,
995 1503 1074 1553 quam
1103 1486 1231 1540 soldanus

113 1562 217 1612 civibus
243 1562 372 1628 promisit,
397 1576 472 1626 spem
496 1561 593 1626 posuit.
631 1560 707 1610 Adeo
733 1561 804 1609 enim
829 1559 857 1609 in
882 1575 915 1609 ea
940 1560 1025 1612 fames
1050 1561 1172 1626 invaluit,
1201 1565 1231 1612 ut

114 1635 168 1684 cibi
189 1634 382 1685 desiderabiles
401 1634 534 1684 deessent.
573 1634 653 1684 Panis
674 1638 811 1699 corruptus
831 1633 998 1684 habundavit
1016 1634 1043 1684 iu
1064 1650 1105 1686 ea.
1143 1636 1230 1686 Dura·

113 1706 177 1758 bilis
196 1723 249 1757 nou
269 1713 310 1757 est
328 1723 435 1757 annona
453 1707 554 1773 Egypti
573 1711 681 1772 propter
699 1705 794 1755 molles
819 1705 922 1770 glebas,
947 1707 975 1756 iu
1002 1707 1099 1772 quibus
1125 1709 1231 1772 crescit,

113 1781 167 1831 nisi
191 1781 312 1846 superius
338 1781 411 1830 circa
431 1785 521 1845 partes
545 1779 684 1829 Babilonis
709 1777 853 1828 artificiose
880 1786 1053 1830 conservetur
1080 1781 1109 1831 iu
1137 1797 1229 1833 annos.

113 1853 151 1903 Et
169 1855 241 1904 sicut
258 1852 416 1916 audivimus,
437 1854 591 1902 cottanum¹
612 1867 691 1902 nuum
711 1846 852 1901 undecimi
866 1853 996 1903 Biuautiis
1016 1853 1184 1905 vendebatur
1202 1855 1230 1905 iu

115 1942 156 1977 ea.
187 1928 228 1976 Ex
247 1926 470 1991 augustinianis
490 1926 597 1976 diversa
610 1926 759 1975 morborum
773 1940 874 1989 genera
885 1925 1020 1975 vexabant
1040 1942 1095 1977 eos.
1134 1923 1232 1978 Inter¹¹

115 2003 207 2051 cetera
226 2000 311 2050 eciam
332 2015 383 2065 que
403 1999 584 2050 sustinuerunt
607 1998 779 2049 incommoda
802 1998 924 2050 noctibus
950 1998 1031 2050 velud
1056 2002 1154 2051 aorisia
1173 2016 1233 2067 por·

116 2074 196 2136 cussi,
216 2074 316 2140 apertis
336 2070 422 2123 oculis
441 2071 524 2122 nichil
543 2073 635 2122 videre
657 2071 824 2122 dicebantur.
866 2071 999 2123 Soldanus
1014 2072 1047 2123 de
1062 2073 1106 2123 die
1119 2075 1146 2124 in
1162 2074 1232 2124 diem

113 2147 191 2198 vanis
201 2146 420 2212 promissionibus
430 2147 503 2212 ipsos
514 2159 530 2194 a
541 2145 677 2196 deditione
687 2145 816 2205 hortatus,
827 2144 935 2211 decepit
944 2147 1064 2198 miseros.
1095 2147 1233 2198 Postremo

114 2225 205 2286 portas
232 2220 420 2271 obstruxerunt
445 2220 613 2279 intrinsecus,
645 2234 679 2268 ne
705 2214 817 2283 aliquis¹
843 2218 876 2268 de
905 2221 960 2270 suis
989 2219 1023 2269 ad
1049 2235 1097 2270 nos
1122 2222 1234 2272 veniens

115 2295 275 2356 nunctiaret,
295 2292 367 2358 quod
389 2292 446 2343 dies
466 2292 620 2343 afflictionis
633 2291 802 2358 possiderent
815 2307 871 2342 eos.
891 2292 921 2343 Si
941 2293 987 2358 qui
999 2308 1063 2343 vero
1084 2309 1132 2359 per
1150 2295 1233 2359 posti·

68 2368 71 2376 '
114 2367 180 2418 tium
200 2367 246 2417 vel
266 2367 300 2417 de
321 2367 402 2417 muris
421 2365 536 2416 evadere
556 2369 707 2431 potueruut,
726 2365 812 2415 inflati
826 2371 853 2415 et
867 2366 986 2416 famelici
1007 2367 1104 2416 civium
1125 2383 1233 2418 suornm

114 2442 267 2505 angustiam
286 2439 436 2507 probabant
455 2438 602 2490 evidenter.
640 2439 700 2490 Illis
721 2440 806 2488 eciam
827 2440 872 2505 qui
886 2439 950 2491 foris
970 2441 998 2489 in
1012 2441 1131 2491 exercitu
1142 2440 1234 2492 Sarra·

116 2529 241 2564 cenorum
261 2530 310 2565 nos
330 2514 492 2565 obsederunt
511 2514 590 2579 copia
608 2515 686 2578 panis
707 2520 735 2563 et
747 2511 840 2578 pabuli
861 2515 933 2579 cepit
952 2512 1120 2565 decrescere.
1157 2514 1234 2565 Nilus

115 2586 258 2652 siquidem,
283 2588 330 2652 qni
347 2593 409 2654 post
427 2587 524 2638 festum
547 2587 636 2637 sancti
654 2585 782 2636 Iohannis
802 2585 935 2652 baptistae
958 2602 1044 2652 usqne
1070 2587 1105 2636 ad
1124 2586 1234 2638 Exulta-

115 2660 215 2710 tionsm
243 2667 336 2710 sancte
361 2661 448 2711 crucis
477 2659 547 2711 solet
575 2675 731 2710 excrescere
761 2665 788 2710 et
812 2660 914 2726 Egypti
937 2659 1076 2726 planitiem
1111 2661 1233 2725 irrigare,

116 2732 169 2783 hoc
189 2746 258 2783 anno
278 2749 351 2784 more
371 2749 419 2784 suo
439 2749 491 2784 non
511 2733 635 2784 ascendit
655 2731 689 2783 ad
709 2735 814 2798 siguum
835 2733 906 2799 quod
922 2749 1022 2799 ponere
1038 2738 1234 2785 consueverunt

116 2806 237 2872 Egyptii‚
263 2805 321 2868 sed,
347 2810 377 2856 ut
395 2806 584 2867 intelleximus,
611 2822 735 2871 magnam
763 2811 865 2873 partem
891 2813 961 2857 terre
986 2809 1088 2859 siccam
1116 2807 1234 2874 reliquit,
1283 2821 1286 2828 ·

117 2895 169 2946 que
195 2894 246 2928 nec
275 2880 345 2929 arari
373 2894 424 2928 nec
456 2881 582 2930 seminari
609 2885 716 2944 poterat
747 2895 795 2930 sno
827 2886 955 2946 tempora.
999 2881 1077 2932 Unde
1106 2881 1234 2932 soldanus

118 2953 252 3004 caristiam
271 2953 368 3003 timens
387 2950 431 3002 vel
454 2952 561 3010 famem,
588 2954 675 3002 eciam
700 2967 789 3003 amore
809 2953 949 3004 retinendo
969 2954 1095 3004 Damiats
1119 2953 1235 3018 illectus,

116 3024 197 3076 talem
218 3041 314 3092 pacem
335 3040 394 3075 cnm
420 3025 501 3075 fratre
527 3040 575 3075 suo
601 3023 736 3076 Goradino
763 3025 914 3077 christianis
938 3026 1044 3089 obtulit,
1073 3033 1102 3077 ut
1127 3043 1234 3078 crucem

116 3106 237 3151 sanctam
245 3104 274 3162 ¹1¹,
288 3114 339 3164 que
353 3098 416 3148 olim
431 3098 606 3164 ceptaiuerat
618 3099 646 3147 iu
659 3099 773 3149 victoria
784 3097 915 3162 Saladini‚
930 3114 989 3149 curn
1004 3100 1120 3150 Ciuitate
1134 3101 1235 3152 Sancta

117 3177 145 3223 et
164 3173 286 3224 omuibus
307 3173 430 3238 captivis,
450 3171 495 3237 qui
514 3186 562 3237 per
579 3186 691 3236 regnum
704 3171 843 3222 Babilonis
863 3177 890 3222 et
905 3172 1033 3222 Damasci
1052 3173 1107 3222 vivi
1125 3174 1236 3237 reperiri

116 3251 235 3314 possent,
263 3251 384 3312 sumptus
413 3246 501 3294 eciam
530 3243 565 3294 ad
594 3245 756 3311 reparandos
786 3259 873 3294 muros
902 3244 1067 3294 Ihernsalem
1096 3245 1235 3311 redderet;

116 3321 225 3386 insuper
250 3335 361 3384 reguum
383 3318 643 3369 lherosolimitanum
669 3317 789 3368 totaliter
813 3321 966 3368 restitueret
988 3322 1078 3384 preter
1104 3318 1234 3369 Graccum

118 3399 145 3445 et
164 3394 283 3444 Mentem
303 3391 444 3458 Regalem.
483 3392 535 3442 Pro
555 3391 652 3456 quibus
671 3391 819 3442 retinendis
838 3391 964 3441 tributum
985 3391 1090 3456 optulit,
1107 3391 1235 3457 quamdin

117 3472 214 3531 treuga
239 3466 354 3516 duraret.
393 3465 462 3516 Sunt
493 3470 582 3515 autem
611 3465 662 3515 hec
692 3465 744 3515 duo
773 3463 835 3514 loca
862 3465 890 3513 in
909 3463 1011 3514 Arabia
1039 3466 1099 3528 sita,
1131 3470 1234 3531 septem

117 3541 278 3591 munitiones
298 3539 463 3590 firmissimas
489 3538 626 3599 habentia,
651 3543 721 3604 pern
747 3553 798 3604 que
823 3537 1008 3602 negociatores
1029 3538 1235 3589 sarracenorum
1303 3551 1307 3558 ·

116 3677 139 3730 a)
153 3680 185 3719 ita
198 3681 238 3730 35
252 3680 330 3720 abicto
345 3690 380 3729 c.,·
395 3680 485 3720 obtecto
502 3679 543 3729 G.,·
558 3679 621 3719 adito
638 3677 677 3728 inf
686 3677 744 3727 jort.
761 3677 850 3718 relicto.
886 3675 910 3728 b)
926 3679 1082 3728 mangenellis
1097 3680 1192 3719 tarchiis
1208 3679 1235 3722 Ia

116 3736 138 3790 c)
154 3743 233 3779 nostra
247 3739 271 3779 L.
331 3736 355 3790 d)
372 3750 402 3780 m.
418 3737 485 3778 nobis
501 3737 526 3777 L.
575 3735 598 3789 e)
613 3736 733 3778 Saliarico
749 3737 778 3778 de
794 3737 857 3777 Malo
872 3737 950 3778 Leone
967 3738 992 3777 L.
1041 3736 1154 3790 Ouostre
1169 3750 1193 3782 n.
1209 3740 1236 3781 L.

117 3795 141 3849 a)
149 3798 273 3850 interiecti,
282 3798 379 3838 sanciati
390 3802 412 3838 et
422 3797 535 3838 combusti
543 3797 571 3838 ab
580 3797 606 3837 L.
637 3795 662 3848 h)
669 3797 760 3836 rubram
768 3797 828 3836 addit
836 3796 876 3836 L:
888 3797 924 3837 De
933 3797 1040 3846 captione
1048 3797 1111 3838 urbis
1120 3799 1235 3842 Damiate.

116 3855 134 3908 i)
151 3857 272 3898 duodecim
289 3857 314 3898 t.
404 3855 429 3907 k)
446 3857 479 3896 ita
494 3860 519 3896 ut
534 3867 563 3896 ex
579 3857 661 3906 capitis
677 3857 835 3896 exinanitione
848 3857 911 3896 visus
928 3856 1090 3897 obscuraretur
1105 3861 1127 3897 et
1142 3858 1236 3907 plurimi

118 3917 293 3967 eorumapertis
310 3917 413 3956 iacentes
431 3917 503 3957 oculis
520 3915 592 3956 nichil
602 3917 708 3957 viderent
716 3916 741 3954 L.
802 3913 819 3967 l)
835 3925 864 3955 ne
880 3915 945 3955 uobis
962 3916 990 3954 ab
1006 3917 1085 3965 aliquo
1101 3917 1236 3966 egrediente

118 3985 197 4015 eornm
219 3975 386 4016 nunciarentur
406 3975 553 4017 incommoda
568 3975 594 4014 L.
659 3974 691 4026 m)
708 3985 726 4015 s.
743 3985 758 4013 a
774 3974 907 4015 christianis
929 3975 985 4013 oiim
1008 3976 1122 4026 perditam
1143 3987 1195 4017 cnm
1211 3977 1236 4019 L.

118 4031 142 4085 n)
159 4035 201 4074 Est
216 4038 293 4075 antem
308 4044 350 4084 per
366 4045 394 4076 ea
409 4038 565 4076 mercatorum
580 4038 628 4074 tam
644 4034 822 4074 christianorum
845 4044 914 4082 qnam
928 4031 1109 4075 Sarracenornm
1125 4037 1236 4077 transltus

118 4097 165 4134 tarn
182 4094 210 4134 ad
226 4095 329 4144 ipsorum
345 4098 418 4134 metas
434 4093 578 4135 tendentium
594 4103 663 4142 quarn
679 4094 708 4134 ad
725 4103 767 4133 uos
783 4093 929 4132 redeuntium
946 4093 971 4134 L.

121 4214 148 4272 1)
169 4218 310 4263 coctaunm
326 4210 398 4276 an,
418 4213 451 4264 de
470 4229 520 4278 quo
539 4210 667 4263 vocabulo
680 4230 705 4264 o.
716 4211 846 4278 Doeottpe
866 4211 906 4262 ed.
921 4211 1054 4264 Henecltcl
1063 4212 1104 4274 II,
1121 4229 1152 4277 ρ.
1167 4213 1235 4276 411;

120 4290 257 4336 cortannm
278 4284 309 4336 L.

961 4371 1002 4434 22
