3122 4978
172 387 361 440 CHRONIGA
377 388 491 441 REGIA
506 387 757 442 OOLONIENSIS.
778 387 881 440 ΟΟΝΤ.
893 388 945 439 ΙΙΙ.
964 386 1184 440 Δ.1207.1208.
1215 387 1268 438 225

547 564 574 614 R
600 580 614 614 o
639 561 713 614 asic
732 562 758 613 Ι.
798 562 870 614 tII.

150 626 218 692 Leo
253 629 390 694 Sanctae
424 629 537 695 Crucis
574 579 759 716 pirisbyter,
778 579 837 694 aad
872 652 982 715 regem
1018 627 1201 729 Philippum
1234 631 1269 693 in

151 711 376 778 Alemanniam
399 737 419 778 a
440 715 531 780 curia
551 715 698 779 Romana
727 715 817 778 missi
843 722 1010 794 venerunt,
1040 723 1075 778 ut
1100 736 1206 799 1psum
1237 725 1269 780 et

153 796 305 863 Ottonem
327 821 436 884 regem
457 799 498 862 ad
521 820 635 885 pacem
658 808 690 863 et
711 799 916 863 concordiam
930 809 1126 875 revocarent,
1148 797 1266 862 inordi-

150 891 227 945 nata
248 882 282 945 in
303 903 403 968 regno
426 883 610 948 ordinarent
631 893 683 948 cta
705 904 764 968 pro
786 883 939 946 Bnmone
960 881 1145 948 Coloniensi
1166 881 1267 946 archi-

152 968 314 1053 episcopo,
338 989 433 1052 quern
455 969 519 1031 iam
541 989 600 1053 per
621 989 740 1032 aunum
756 977 887 1054 captum
902 965 1041 1049 tenebat,
1056 967 1113 1030 utb
1128 965 1268 1032 libertati

150 1051 311 1132 redderet,
332 1052 575 1117 intercederent.

236 1134 387 1222 Philippo
408 1137 506 1222 igitur
525 1159 602 1220 rege
618 1137 705 1200 circa
718 1137 835 1200 festum
851 1135 953 1199 sancti
970 1133 1117 1199 Andreae
1131 1158 1151 1199 a
1176 1133 1269 1200 ostoli
1277 1153 1333 1194 roo.
1343 1155 1381 1196 ao.

151 1219 240 1303 apud
255 1220 438 1305 Augustam
454 1221 614 1286 civitatem
631 1219 769 1285 Sueviac
793 1219 952 1284 celebrem
975 1219 1098 1282 curiam
1119 1157 1267 1302 habente,
1350 1261 1354 1268 -

152 1303 268 1389 prefati
289 1304 467 1370 cardinales
489 1304 661 1386 affuerunt,
694 1304 751 1369 ubi
770 1303 910 1391 plurima
931 1323 1039 1368 coram
1061 1304 1108 1368 eis
1131 1314 1163 1369 ct
1182 1305 1268 1389 prin-

153 1388 281 1472 cipibus
296 1389 335 1453 de
350 1410 431 1474 pace
446 1398 477 1455 et
488 1390 719 1475 compositione
735 1388 838 1477 [regni
844 1389 868 1477 ⁰]
880 1389 963 1453 inter
976 1388 1116 1474 papam*1
1132 1397 1163 1453 et
1175 1411 1268 1474 reges

152 1481 289 1538 tractata
324 1484 408 1541 sunt.
470 1473 521 1537 Ibi
554 1474 652 1538 etiam
678 1471 815 1537 Adolfus
847 1471 1026 1572 quondnm⁰
1067 1470 1268 1538 Coloniensis

153 1556 354 1642 archiepisco
379 1580 417 1622 us
444 1558 574 1623 eosdem
605 1555 781 1622 cardinales
814 1556 943 1638 adiens,
975 1557 1157 1622 interventu
1183 1558 1267 1642 regis

152 1663 173 1705 a
196 1639 300 1705 banno
324 1580 460 1707 solvitur
480 1651 521 1724 et,
544 1651 580 1706 ut
607 1643 648 1707 ad
676 1641 926 1707 satisfactionem
947 1640 1084 1705 Romam
1105 1640 1268 1726 procedat,

152 1725 215 1824 ipsi
237 1725 398 1790 indicitur.
442 1727 513 1791 Rex
540 1727 636 1790 etiam
663 1724 796 1790 consilio
830 1735 861 1791 et
887 1725 1095 1810 petitionibus
1125 1726 1269 1789 cardina-

152 1807 231 1872 hum
254 1809 474 1895 adquiescens,
495 1812 679 1875 Brunonem
698 1809 836 1873 vinculis
856 1807 995 1873 absolvit
1009 1819 1049 1891 ct,
1064 1809 1143 1894 ipsis
1164 1832 1268 1874 rever-

153 1893 305 1976 tentibus,
321 1892 362 1958 ad
401 1897 514 1959 ratiam
531 1894 648 1959 summi
663 1893 825 1980 pontificis
841 1915 914 1959 eum
932 1893 1068 1957 Romam
1083 1895 1268 1959 transmisit

323 1917 400 2067 [115
422 1980 518 2043 Anno
540 1978 739 2043 dominicoet
759 1977 987 2042 incarnationis
1012 1978 1102 2042 1208.

238 2061 406 2150 Philippus
442 2085 501 2128 rex
536 2062 752 2148 patriarcham
787 2060 1045 2148 Aquileiensem¹
1087 2083 1161 2125 cum
1197 2061 1267 2126 aliis

153 2147 316 2212 honoratis
338 2149 416 2211 viris
437 2147 479 2210 ad
507 2147 615 2212 sedern
643 2145 852 2233 apostolicam
882 2147 988 2210 misit²
1015 2168 1075 2232 pro
1103 2145 1268 2210 confirma-

153 2232 240 2296 tione
261 2231 379 2297 federis
406 2242 438 2297 et
467 2231 707 2317 compositionis
730 2253 812 2317 quae
833 2251 893 2317 per
914 2228 1092 2294 cardinales
1118 2228 1269 2295 inchoata

153 2315 310 2399 iterans,
327 2339 386 2403 pro
409 2318 649 2382 consecratione
671 2314 839 2402 imperiali,
885 2337 920 2379 ro
942 2315 1140 2380 restitutione
1161 2314 1270 2378 domni

153 2400 271 2473 Adolli.
302 2401 510 2488 Apostolicus
525 2411 631 2465 autem
645 2401 751 2485 ipsum
766 2337 920 2464 Adolliim
935 2399 997 2463 ad¹¹
1012 2421 1046 2464 se
1069 2421 1142 2463 cum
1156 2397 1269 2484 legatis

151 2487 237 2570 regis
276 2485 454 2571 supphcem
489 2486 670 2551 venientem
706 2484 740 2548 in
772 2483 880 2548 osculo
911 2484 1003 2569 pacis
1032 2484 1188 2570 suscepit,
1212 2485 1270 2549 sed

152 2579 259 2634 tamen
282 2571 367 2655 quod
389 2572 477 2634 circa
490 2570 675 2634 Brunonem
695 2569 816 2634 fecerat
835 2578 940 2633 ratum
961 2589 1031 2632 esse
1054 2566 1173 2650 volens,
1196 2589 1270 2633 cum

151 2674 210 2738 per
230 2652 366 2716 biduum
388 2675 497 2718 coram
519 2676 557 2720 eo
585 2654 644 2719 abi
668 2655 812 2741 utrisque
834 2653 911 2717 satis
939 2651 1111 2738 allegatum
1140 2653 1269 2737 fuisset,

150 2739 161 2799 i
187 2737 280 2799 sumi
303 2736 487 2801 Brunonem
519 2739 553 2801 in
580 2740 770 2825 episcopatu
797 2736 1007 2820 confirmavit,
1043 2735 1165 2802 litteras
1195 2761 1269 2802 suas

181 2818 319 2883 oloniam
352 2820 393 2883 ad
421 2821 540 2884 clerum
575 2832 607 2886 et
638 2821 795 2909 populum
828 2832 860 2887 et
892 2820 931 2886 ad
966 2843 1112 2908 quosque
1145 2821 1269 2887 nobiles

151 2914 255 2969 terrae
270 2901 354 2967 illius
369 2906 597 2987 transmittens,
613 2926 722 2970 omnes
745 2906 787 2969 ad
809 2906 879 2969 eius
901 2906 1044 2971 favorem
1067 2916 1098 2970 et
1119 2905 1269 2972 obedien-

151 2989 236 3052 ciam
252 2986 461 3053 sollicitavit³.
491 2989 642 3052 Formam
658 2989 760 3054 eciam
782 2991 873 3075 pacis
895 3000 927 3054 ct
942 2991 1198 3077 composicionis,
1210 3014 1269 3079 pro
1371 3061 1374 3068 ,

153 3093 216 3158 qua
230 3070 347 3156 prefati
359 3068 457 3156 legati
472 3071 677 3152 advenerant,
699 3093 773 3136 cum
788 3073 856 3136 suis
871 3073 1139 3139 consecretalibus
1155 3096 1270 3160 appro-

152 3155 242 3238 bans,
264 3178 391 3221 rursum
413 3155 575 3242 predictos
598 3154 776 3221 cardinales
797 3157 921 3220 remisit
942 3165 983 3238 et,
1005 3167 1042 3221 ut
1062 3157 1104 3221 ad
1125 3181 1268 3243 unguem

150 3242 257 3328 ipsum
290 3241 461 3327 negocium
488 3240 714 3389 perducerent,
736 3241 918 3326 imperavit.
973 3239 1100 3320 Quibus
1130 3240 1171 3304 Al
1195 3244 1269 3309 ibus

150 3326 355 3408 transcensis,
378 3346 487 3388 cuma
525 3324 750 3412 exequendum
766 3324 966 3388 mandatum¹
988 3323 1091 3408 ipsius
1109 3327 1143 3388 in
1164 3265 1268 3390 iheu-

151 3411 300 3474 ioniamm
315 3410 568 3496 pervenissenti,
591 3431 701 3474 rumor
722 3408 883 3495 pessimus
905 3407 1096 3493 percrebuit,
1124 3407 1267 3475 scihcet⁰

149 3493 336 3580 Philippum
348 3516 457 3580 regem
471 3515 491 3558 a
505 3494 647 3581 palatino
659 3493 775 3558 comite
788 3492 828 3557 de
839 3489 1114 3558 Wittillinsbaehr
1127 3490 1268 3558 Ottonet

150 3577 239 3662 apud
268 3577 470 3642 Bavinberhr
492 3580 718 3666 interemptum
726 3589 748 3642 ⁸.
802 3577 885 3642 Nam
918 3597 991 3638 cum
1024 3575 1111 3639 idem
1142 3598 1201 3641 rex
1233 3578 1266 3641 in

149 3660 233 3725 festo
255 3663 357 3726 sancti
383 3662 502 3728 Albani
530 3661 629 3728 filiam
657 3663 763 3728 fratris
792 3661 842 3726 sui
865 3661 995 3726 Ottonis
1016 3659 1056 3723 de
1078 3660 1380 3746 Burgundiannar.

151 3785 175 3838 a)
192 3787 247 3827 deest
262 3789 306 3828 01.
317 3791 337 3829 2.
396 3789 420 3841 b)
436 3795 462 3830 ut
476 3792 620 3831 liberatoris
635 3791 681 3830 loco
695 3802 747 3830 roso
757 3791 802 3839 023
819 3794 844 3829 ut
859 3790 874 3829 1.
884 3801 902 3828 r.
913 3789 956 3830 des.
973 3788 1022 3829 131.
1083 3786 1104 3839 c)
1121 3789 1177 3829 deest
1193 3791 1269 3836 012.

150 3844 174 3896 d)
191 3857 275 3896 papam
291 3851 314 3886 et
328 3848 372 3887 iam
387 3859 451 3890 crosa
466 3851 490 3889 in
506 3850 560 3899 Bl;
576 3854 659 3888 miani
675 3851 719 3891 01.
738 3851 758 3890 2.
818 3848 840 3901 s)
857 3847 1111 3897 (tolosanorum.
1166 3847 1269 3901 OAnno

149 3905 246 3945 Domini
262 3905 311 3947 Bl.
351 3907 555 3957 g)iuerst01.i.
594 3909 618 3958 h)
635 3909 710 3958 incipit
725 3907 943 3958 aliudsrapmentam
959 3909 980 3958 0,
996 3908 1034 3947 nbi
1045 3909 1131 3958 paritor
1147 3920 1173 3948 ac
1187 3910 1212 3950 in
1227 3910 1268 3953 Bl

148 3965 237 4014 caspius
253 3975 322 4015 spro
343 3976 371 4006 ac
392 3968 455 4006 etium
469 3968 493 4006 ia
503 3968 550 4017 fias
565 3968 691 4018 verboram
713 3979 759 4008 cum
780 3979 830 4007 vcro
853 3969 912 4007 codd.
935 3967 1019 4008 minima
1039 3968 1081 4006 sibi
1102 3974 1206 4018 constent,
1230 3971 1269 4014 hoe

149 4026 241 4064 retinere
255 4025 324 4066 nolui.
386 4023 404 4076 i)
425 4036 443 4066 s.
459 4037 480 4067 a.
496 4025 525 4066 sb
541 4030 639 4076 utroquo
654 4029 672 4070 f.
689 4028 710 4068 0.
772 4025 797 4077 k)
813 4029 948 4078 episcopum
965 4029 1008 4069 01.
1069 4025 1086 4077 l)
1102 4033 1151 4078 posi
1166 4031 1271 4080 compto.

150 4083 182 4136 m)
199 4085 223 4124 in
239 4084 371 4124 'i'hcutonis
390 4089 453 4125 terra
469 4086 514 4126 02.
590 4085 614 4137 n)
631 4097 673 4137 per
684 4091 735 4136 post
750 4087 800 4127 add.
818 4089 839 4127 0.
923 4085 946 4137 o)
961 4087 1059 4137 palatini
1075 4088 1124 4130 add.
1140 4089 1176 4128 sod
1191 4089 1230 4132 dei.
1247 4093 1269 4133 0.

150 4142 175 4194 p)
192 4144 398 4195 Wittiliinbach05
413 4145 586 4186 Witillinsbach
603 4147 650 4195 θὶς
668 4146 898 4187 Witullinsbschoi.
960 4143 1110 4196 qloctonso,
1127 4153 1146 4188 et
1161 4149 1193 4188 ita
1205 4156 1270 4201 post,-

147 4214 165 4244 ιι
179 4214 201 4253 p.
219 4214 238 4244 c.
256 4202 283 4245 Ο.
299 4205 327 4244 ds
343 4202 380 4245 W.
397 4205 458 4255 opud
475 4205 516 4246 02.
577 4201 597 4255 r)
621 4205 755 4254 sttnbcrg
770 4204 819 4248 131.
836 4207 877 4246 01.
895 4205 917 4245 2.
978 4203 999 4257 s)
1014 4208 1220 4257 peremptntl.

152 4323 181 4388 1)
197 4323 361 4390 Wolfperum.
400 4321 430 4388 2)
445 4321 905 4392 tJtPtiltpptmarramLL.11,p.
920 4325 983 4375 213.
1022 4321 1052 4390 3)
1066 4324 1107 4376 De
1120 4325 1272 4379 Innocentii

149 4397 266 4462 epistolis
284 4415 309 4449 c.
323 4397 446 4462 Bo'lrmen
465 4397 529 4466 Ray.
540 4415 568 4464 p.
579 4398 641 4461 215,
654 4416 696 4452 ur.
715 4399 777 4463 241,
794 4403 818 4451 et
834 4398 1016 4450 Wiokclmrma
1034 4397 1059 4461 I,
1074 4415 1105 4464 p.
1121 4400 1174 4450 354
1193 4417 1221 4454 n.
1243 4403 1269 4454 l.

1001 4483 1039 4548 15
