2988 5058
290 359 343 409 336
419 355 571 410 onlvnm
590 355 749 408 nnnfflo
769 356 819 406 DE
838 355 1088 406 EXPEDITIONE
1108 355 1326 406 DAMIATINA.

214 543 281 586 1¹19.
289 533 359 582 inter
371 547 442 581 mare
456 536 483 580 et
497 531 613 596 flurium,
632 532 678 582 ubi
698 531 781 581 dulcis
801 545 871 597 aqna
888 530 1002 580 inveniri
1015 545 1069 579 non
1081 534 1186 594 poterat
1199 530 1233 579 ad
1247 529 1438 595 potandum.

290 606 348 671 Ipsi
365 620 437 668 vero,
450 605 559 656 sublatis
578 605 707 667 tentoriis,
726 605 816 669 fugam
834 603 1002 653 simulabant.
1031 603 1138 653 Etcum
1151 619 1307 668 processum
1322 603 1440 652 fuisset

207 725 209 732 ,
291 695 308 729 a
326 679 423 729 nostris
441 677 518 741 ideo,
538 685 568 729 ut
587 683 727 744 appareret
745 677 911 727 adversarios
937 676 1038 726 directe
1061 676 1148 726 fronto
1168 677 1239 727 nolle
1260 677 1437 741 confligere,

291 751 423 818 capitanei
442 753 526 802 nostri
544 753 653 817 longum
665 753 781 800 inierunt
792 750 940 814 consilium,
953 754 1040 800 utrum
1052 750 1228 815 procederent
1240 765 1275 799 an
1288 750 1435 800 redirent.

292 827 402 876 Discors
421 826 554 876 intereos
574 825 706 876 sententia
724 824 780 874 fuit.
819 823 930 876 Interim
948 823 1033 874 solute
1059 828 1121 874 sunt
1145 823 1218 873 acies
1242 829 1334 888 preter
1364 823 1434 873 illo·

289 902 368 949 ruma
392 914 461 965 quos
486 899 513 948 in
540 899 680 964 disciplina
704 897 811 948 militari
834 897 926 962 ligavit
951 897 1109 947 obedientia.
1156 897 1266 963 Equites
1285 897 1381 962 Cypri
1401 897 1433 945 in

290 972 382 1022 dextro
402 988 484 1022 cornu
503 972 640 1022 constituti
658 965 759 1035 erantb,
781 970 932 1021 sarracenis
951 970 1084 1020 incursum
1103 970 1260 1020 facientibus
1285 986 1304 1020 a
1324 971 1431 1020 latere.

289 1046 469 1098 uicinitatem
487 1040 586 1110 igiturh
607 1059 684 1095 suam
702 1044 875 1095 ostenderunt
886 1043 973 1094 Italici
985 1043 1096 1108 pedites.
1125 1043 1257 1109 Primiqne
1270 1043 1430 1108 fugierunt.

289 1119 354 1169 Post
367 1134 413 1169 eos
427 1119 527 1185 equites
541 1120 574 1170 de
587 1119 697 1170 diversis
710 1117 861 1168 nationibus
881 1122 907 1166 et
925 1117 1031 1183 quidam
1047 1117 1239 1182 Hospitalarii⁰
1259 1116 1359 1167 Sancti
1380 1117 1429 1166 Io·

290 1193 394 1255 hannis,
413 1193 501 1256 legato
520 1193 641 1244 Romane
660 1191 731 1242 sedis
745 1197 771 1242 et
783 1190 941 1256 patriarcha,
955 1191 1000 1257 qui
1013 1206 1117 1240 crucem
1129 1191 1273 1254 baiulabat,
1292 1191 1427 1252 multum,

290 1266 338 1316 sed
355 1260 474 1315 h'ustra‘1
493 1265 710 1331 supplicantibus,
729 1271 759 1314 ut
777 1265 956 1314 subsisterent.
998 1265 1078 1314 Estus
1098 1263 1161 1314 solis
1181 1269 1238 1314 erat
1260 1263 1426 1326 vehemens,

289 1339 393 1404 pedites
413 1354 544 1388 armorum
562 1341 680 1404 pondere
699 1338 894 1404 premebantur.
925 1337 1047 1388 Calorem
1067 1337 1140 1386 auxit
1157 1338 1233 1388 labor
1251 1338 1303 1400 vie,
1326 1343 1355 1386 et
1377 1337 1425 1402 qui

290 1427 381 1462 secum
399 1412 489 1461 vinum
509 1413 665 1475 detulerant,
688 1413 717 1462 in
743 1412 884 1476 angustiae
902 1412 1024 1462 biberunt
1041 1411 1107 1461 illud
1126 1427 1220 1476 purum
1238 1415 1351 1476 propter
1374 1411 1423 1460 de·

289 1485 388 1535 fectum
408 1500 483 1550 aque.
527 1487 586 1536 Hiis
612 1486 734 1537 omnihus
760 1486 985 1549 concurrentibus,
1009 1485 1054 1550 qui
1079 1484 1251 1535 subsistentes
1271 1499 1299 1534 se
1323 1484 1423 1534 defen-

292 1558 388 1608 derunt
406 1563 432 1607 et
450 1564 512 1623 pest
529 1561 674 1624 primitivos
693 1559 825 1624 fugientes
843 1558 939 1608 anhelo
959 1574 1036 1608 cursu
1054 1563 1130 1622 terga
1150 1557 1286 1620 dederunt,
1301 1557 1422 1607 extincti

291 1637 360 1693 sunt,
380 1631 438 1682 sine
457 1633 608 1684 vulneribus
634 1638 796 1686 corruentes.
843 1632 900 1682 Rex
923 1648 985 1682 vero
1012 1648 1071 1682 cum
1097 1631 1252 1696 Templariis
1278 1635 1305 1680 et
1333 1631 1420 1682 domo

290 1705 513 1756 Tbeutonicorum
529 1707 753 1772 etHospitalariis
773 1706 864 1756 Sancti
883 1705 1019 1769 Iohannis,
1038 1705 1226 1770 Francigenis,
1246 1705 1278 1754 de
1297 1705 1420 1756 Hellan-

291 1771 359 1843 diaf,
379 1780 412 1829 de
431 1775 573 1844 Werthef‚
593 1781 626 1830 de
647 1780 813 1844 Sarreburge,
834 1779 867 1828 de
886 1779 987 1829 Uestris
1012 1779 1158 1842 comitibus,
1179 1778 1327 1828 Galtheroff
1350 1779 1420 1828 Ber·

289 1852 364 1916 toldi,
383 1852 487 1902 Pisanis
511 1855 621 1920 aliisque
647 1854 772 1904 militibus
798 1853 926 1918 impetum
945 1853 1158 1918 persequentium
1178 1852 1307 1901 sustinuit,
1356 1851 1420 1901 Rex

289 1926 351 1990 igne
371 1925 456 1976 Greco
475 1927 530 1976 fere
550 1928 693 1978 conbustus
712 1927 769 1977 fuit.
798 1927 844 1976 Hii
857 1941 949 1977 omnes
962 1942 1009 1991 pro
1023 1942 1097 1976 muro
1116 1925 1223 1975 fuerunt
1240 1925 1417 1989 fugientibus.

290 1999 418 2061 Quotiens
437 1999 519 2050 facies
539 2016 601 2050 suas
621 2001 798 2051 ostendebant
816 1999 934 2050 hostibus
942 1994 965 2063 ¹¹,
979 1999 1017 2048 illi
1035 1999 1175 2063 fugienmt.
1214 1998 1329 2060 Quando
1349 2015 1417 2048 vero
1480 2011 1481 2014 ’

289 2072 420 2138 gradatim
444 2074 649 2138 revertebantur,
672 2075 740 2124 ictus
766 2079 793 2124 et
823 2074 878 2123 tela
903 2064 1082 2125 sustinuerunt
1107 2072 1281 2122 inimicorum,
1334 2071 1418 2137 Capti

290 2151 353 2196 sunt
376 2146 404 2196 in
429 2146 476 2196 illa
499 2147 654 2198 defensione
673 2147 870 2198 christianitatis
890 2147 990 2196 electus
1009 2145 1179 2196 Belvacensis
1204 2151 1231 2195 et
1255 2145 1415 2195 hetereius
1480 2173 1481 2176 =

292 2220 450 2270 camerarius
469 2214 559 2284 regist
579 2221 692 2271 Francie
718 2216 758 2270 eti
778 2221 847 2271 filius
873 2220 937 2285 eius,
964 2221 1044 2270 frater
1062 2219 1264 2283 Andegavensis
1284 2219 1415 2284 episcopi,

291 2287 352 2342 burn
370 2292 491 2343 Iohanne
516 2294 549 2344 de
568 2290 692 2358 mentek,
712 2295 768 2344 viro
793 2294 875 2345 nobili
899 2299 925 2344 et
949 2293 1026 2344 valde
1051 2298 1186 2356 strennuo,
1211 2292 1354 2342 Heinricus
1380 2292 1415 2342 de

290 2361 387 2415 Ulme¹
407 2371 433 2415 et
456 2366 501 2416 alii
519 2368 602 2432 multi,
618 2369 662 2434 qui
680 2368 804 2418 trucidati
829 2372 890 2417 sunt
914 2372 941 2416 et
964 2368 992 2416 in
1019 2367 1197 2431 captivitatem
1217 2367 1296 2416 ducti.
1335 2366 1415 2416 Tem·
1471 2407 1475 2424 ᾖ

291 2439 368 2504 plarii
387 2439 494 2504 triginta
511 2445 565 2490 tres
585 2442 657 2507 capti
675 2441 718 2491 vel
737 2441 818 2491 occisi
837 2445 898 2490 sunt
917 2457 977 2490 cum
991 2440 1153 2491 marescalco
1163 2439 1310 2504 Hospitalis
1320 2440 1416 2490 Sancti

292 2511 420 2562 Iohannis
439 2518 466 2562 et
485 2514 640 2579 quibusdam
667 2514 726 2564 eliis
752 2514 870 2564 eiusdem
890 2514 991 2564 domus.
1039 2514 1096 2564 Nec
1116 2513 1200 2562 evasit
1218 2513 1275 2564 sine
1295 2513 1414 2579 dampno

293 2585 387 2634 domus
397 2585 628 2638 Theutonicorum.
653 2587 753 2637 Milicia
766 2587 877 2652 Templi,
892 2603 942 2653 que
955 2588 1040 2652 prima
1053 2587 1121 2638 solet
1134 2602 1192 2636 esse
1210 2587 1238 2636 in
1258 2587 1412 2652 congressu,

292 2658 384 2708 ultima
411 2659 460 2708 iuit
486 2659 515 2708 in
543 2675 672 2724 regressu.
719 2660 797 2710 Unde
827 2676 885 2710 cum
912 2661 947 2710 ad
965 2661 1094 2712 fossatum
1121 2666 1241 2711 nostrum
1268 2661 1414 2711 novissima

290 2731 397 2795 rediret,
418 2732 481 2781 foris
505 2734 628 2797 substitit,
652 2739 683 2784 ut
706 2735 850 2784 anteriores
878 2735 948 2784 intra
966 2734 1055 2784 menia
1068 2739 1195 2800 quantum
1220 2734 1345 2799 possibile
1363 2735 1414 2784 init

291 2803 430 2854 reduceret
438 2810 468 2854 ¹¹¹.
505 2805 691 2858 Persecutores
710 2808 745 2857 ad
769 2809 889 2873 captivos
916 2807 1087 2858 deducendos
1113 2813 1140 2857 et
1157 2807 1244 2873 spolia
1262 2808 1414 2872 colligenda

291 2877 401 2927 tandem
418 2877 564 2942 redierunt;
583 2881 651 2930 sicut
667 2881 844 2932 intelleximus
863 2881 1032 2947 postmodum
1046 2897 1062 2930 a
1075 2881 1228 2944 sarraceno,
1248 2882 1413 2946 quingentass

294 2950 382 3014 capita
407 2950 607 3004 christianorum
625 2955 737 3005 soldano
757 2959 949 3020 presentantes.
978 2955 1066 3005 Meror
1078 2960 1184 3004 nostros
1198 2955 1345 3020 occupavit,
1364 2954 1413 3006 sed

292 3023 369 3072 nulla
394 3025 551 3089 desperatio.
600 3028 652 3078 Pro
678 3034 749 3079 certo
775 3029 846 3079 enim
870 3028 1006 3092 habemus,
1031 3029 1102 3094 quod
1127 3043 1199 3092 pena
1229 3029 1332 3092 peccati
1363 3029 1414 3078 fuit

293 3096 360 3146 haec
380 3098 527 3165 castigatio,
547 3105 574 3151 et
592 3103 679 3151 minus
699 3107 756 3152 erat
773 3103 801 3151 in
820 3117 899 3167 pena,
920 3117 997 3167 quam
1017 3102 1134 3166 exigeret
1152 3101 1238 3166 culpa,
1262 3102 1320 3167 ipso
1344 3107 1412 3152 tem·

184 3176 404 3236 ler.t,1.perante
428 3172 581 3238 vindictam,
608 3176 652 3240 qui
677 3175 741 3225 dicit
766 3175 870 3225 animae
895 3175 1051 3240 peccatrici:
1082 3173 1122 3224 Tu
1137 3173 1277 3239 fornicata
1303 3191 1329 3226 ea
1354 3187 1412 3224 cum

295 3243 457 3296 amatoribus
479 3246 612 3311 plurimis,
631 3256 720 3298 tomen
737 3255 866 3300 revertere
886 3248 984 3310 adme,
1003 3257 1028 3298 et
1047 3264 1091 3314 epo
1111 3245 1253 3313 suscipriam
1272 3255 1306 3301 te,
1343 3245 1413 3298 Con·

295 3321 348 3368 stat
367 3323 455 3369 autem
475 3321 561 3384 nobis,
587 3321 658 3388 quod
675 3322 704 3372 in
727 3323 854 3386 precipua
880 3337 929 3371 sua
953 3321 1051 3372 milicia
1075 3323 1198 3372 luctuosa
1222 3321 1271 3372 sibi
1299 3322 1414 3388 dampna

294 3391 476 3443 sustinuerunt
497 3394 634 3445 increduli.
684 3395 754 3446 Sane
779 3395 916 3446 miserator
942 3395 1081 3460 Dominus,
1107 3395 1152 3461 qui
1175 3411 1229 3446 non
1254 3396 1414 3446 obliviscitur

295 3466 421 3530 misereri,
445 3482 496 3517 nec
522 3469 667 3519 continebit
690 3469 719 3518 in
743 3470 783 3518 ira
810 3469 1004 3518 misericordias
1028 3484 1099 3533 suas,
1126 3469 1170 3535 qui
1193 3469 1222 3518 in
1247 3469 1412 3520 tribulatione

294 3543 408 3604 peccata
427 3539 542 3604 dimittit,
562 3541 662 3592 luctum
681 3546 801 3592 nostrum
820 3543 950 3592 convertit
973 3542 1002 3592 in
1025 3543 1153 3608 gaudium
1173 3547 1200 3592 et
1218 3543 1365 3593 merorem⁰
1383 3543 1412 3593 in

294 3612 419 3663 leticiam.
458 3614 526 3663 Nam
545 3615 672 3664 soldanus
691 3631 773 3666 unum
789 3616 822 3666 de
842 3616 953 3680 captivis
972 3617 1068 3668 nostris
1087 3617 1203 3680 mittens,
1227 3617 1260 3665 de
1284 3631 1349 3681 pace
1371 3616 1414 3666 rel

295 3689 389 3750 treuga
414 3687 552 3737 nobiscum
576 3693 690 3738 mactare
716 3690 794 3752 cepit.
838 3689 873 3738 In
899 3705 950 3755 quo
970 3694 1085 3741 tractatu
1103 3690 1233 3740 fossatum
1253 3694 1413 3740 nostramet

296 3759 457 3808 munitiones
477 3759 543 3810 alias
561 3763 742 3826 reparavimus
750 3767 773 3812 Ρ.
805 3762 915 3812 Interim
931 3768 1031 3813 nautae
1052 3763 1249 3813 christianitatis
1268 3763 1412 3828 proditores

296 3837 324 3882 et
343 3847 403 3881 cum
422 3833 460 3882 eis
484 3834 616 3898 peregrini
642 3835 755 3901 plurimi,
780 3835 865 3901 magis
890 3852 919 3886 se
944 3837 1017 3901 ipsos
1044 3841 1164 3887 amantes
1191 3852 1270 3903 quam
1294 3835 1411 3887 fratribus

296 3906 497 3970 compatientes,
517 3912 579 3957 ante
598 3911 702 3975 tempus
723 3910 843 3960 consueti
861 3911 979 3974 passagii
998 3911 1134 3976 agonistas
1153 3910 1250 3960 Christi
1267 3911 1296 3959 in
1315 3925 1411 3960 summo

296 4049 319 4102 a)
339 4051 443 4091 ordinem
458 4052 475 4094 t.
490 4053 517 4092 L.
575 4052 599 4105 b)
614 4065 723 4104 superaus.
739 4067 757 4096 a.
819 4052 841 4106 c)
856 4055 978 4106 hospitalii
993 4068 1011 4096 c.
1057 4055 1081 4110 d)
1097 4057 1171 4098 matra
1185 4069 1204 4099 c.
1254 4055 1276 4108 e)
1295 4067 1315 4096 a.
1333 4055 1380 4096 sltls
1394 4067 1411 4096 c.

296 4109 314 4161 l)
332 4109 462 4162 conantia,
478 4111 506 4151 de
522 4111 618 4164 Wertla,
634 4115 662 4154 de
679 4113 824 4164 Salerbnrch,
842 4115 871 4155 de
887 4117 983 4158 cestria.
998 4117 1018 4155 L
1100 4115 1124 4168 g)
1140 4117 1246 4158 Waltero
1261 4116 1373 4156 Bernardl
1387 4115 1411 4156 L.

297 4167 321 4220 h)
337 4170 421 4209 totiens
438 4169 488 4209 aad.
505 4171 546 4221 E.,·
562 4173 619 4212 deest
633 4173 696 4214 aiam
712 4173 738 4215 G.
755 4174 781 4216 L.
825 4171 844 4226 i)
861 4174 893 4216 bis
907 4177 1011 4226 scriptura
1025 4187 1043 4218 o.
1089 4174 1114 4228 lr)
1130 4175 1220 4217 AroiL.
1272 4173 1290 4226 l)
1307 4175 1373 4216 Ulma
1386 4176 1409 4217 Ia.

296 4226 329 4279 m)
345 4228 407 4268 intra
422 4231 501 4270 menia
516 4235 594 4272 nostra
610 4244 627 4274 r.
644 4232 671 4274 L.
732 4230 756 4284 n)
774 4235 943 4286 qninquaginta
958 4235 1006 4275 Eoo.
1021 4235 1048 4278 I».
1110 4234 1132 4288 o)
1143 4245 1257 4276 merorem
1270 4245 1328 4276 corr.
1344 4245 1410 4277 mero·

297 4297 345 4326 rem
361 4298 378 4328 c.
440 4285 464 4340 p)
481 4289 665 4336 electuense.
