2988 5058
221 387 368 438 OLIVERI
386 388 543 439 RELATIO
563 388 613 437 DE
632 386 880 437 EXPEDITIONE
900 384 1113 435 DAlllIATINA.
1187 383 1242 433 ³33

121 559 295 622 Gaudeamus
314 576 401 612 omnes
419 557 449 610 a'n
471 558 595 620 Domino,
614 561 752 610 nunctiata
770 564 831 610 sunt
849 559 900 608 hec
919 559 986 623 regi,
1014 558 1105 624 legato
1125 563 1153 608 et
1171 557 1242 608 aliis.

120 635 247 700 Egyptiis
272 636 364 699 itaque
387 633 561 698 fugientibus,
587 635 671 683 nostri
697 633 819 683 certatim
846 638 873 682 et
892 631 1017 682 alacriter
1042 634 1143 698 absque
1168 633 1242 682 omui

122 707 308 773 inpedimento
334 709 450 758 hostium
482 713 510 757 et
538 707 677 771 sauguinis
711 709 825 772 inpensa
856 705 1026 756 transierunt.
1072 705 1147 757 Sede
1172 705 1254 758 adeo.

121 780 219 831 limosa
238 786 266 830 et
278 781 494 845 profundioribus
507 779 575 830 locis
590 779 708 830 difficilis
727 779 778 830 fuit
790 779 825 828 ad
839 778 1030 845 applicandum
1046 785 1117 829 terra
1129 778 1242 842 hostilis,

121 856 217 904 utrix
236 855 299 918 equi
324 855 381 904 sine
403 855 551 904 sessoribus
571 859 599 903 et
621 852 696 904 sellis
717 847 816 902 eiectib
837 858 948 919 possent
966 852 1123 903 ascendere.
1161 853 1241 902 Tem·

121 927 201 993 plarii
220 926 353 994 produces
378 928 406 977 in
432 943 546 977 ascensu
565 928 825 1012 equorunbercctis
849 927 943 990 signis,
969 942 1081 992 propero
1108 942 1187 976 cursu
1206 924 1242 975 ad

120 1002 258 1051 civitatem
277 1001 480 1064 festinaverunt,
499 1005 649 1051 sternentes
667 1001 763 1066 impios
784 1001 830 1065 qui
849 1001 903 1050 de⁰
919 1001 1002 1065 portis
1016 1001 1118 1065 egressi
1132 1000 1240 1049 venien·

123 1074 195 1124 tibus
220 1074 404 1125 obviaverunt.
443 1075 503 1124 Non
522 1073 691 1139 ‘gloriabitur
710 1075 811 1123 securis
832 1078 925 1122 oontm
950 1087 1020 1135 oum,
1046 1074 1092 1138 qui
1115 1079 1191 1122 secat
1213 1074 1242 1122 in
1251 1075 1289 1116 Es.
1300 1076 1334 1126 1⁰,
1345 1074 1380 1115 1⁵·

119 1163 163 1210 ea,
188 1163 276 1213 neque
301 1164 376 1199 serra
401 1154 495 1198 contra
516 1162 576 1197 euru
601 1148 648 1208 qui
671 1148 754 1197 trahit
777 1148 805 1195 in
829 1145 878 1196 ea’.
916 1144 1076 1195 Miraculum
1101 1146 1172 1196 istud
1198 1145 1242 1196 cui

118 1221 338 1287 equiparabimus
357 1222 410 1272 nisi
427 1222 452 1271 ei
466 1220 537 1287 quod
557 1220 656 1286 legitur
675 1220 709 1270 de
723 1218 871 1270 Beuuadab
886 1234 951 1284 rege
966 1219 1050 1284 Syrie,
1071 1221 1117 1285 qui
1137 1218 1243 1269 obsedit
1253 1227 1273 1267 t.
1283 1225 1380 1277 Remo·

119 1293 270 1344 Samariam
290 1301 380 1345 artano
400 1310 459 1345 eam
478 1294 629 1361 plurimum,
649 1295 694 1344 cui
711 1294 843 1343 Dominus
861 1297 964 1343 tantum
983 1293 1086 1343 inmisit
1103 1298 1240 1354 terrorem,

119 1373 150 1418 ut
169 1367 270 1418 relictis
291 1369 385 1419 castris
404 1369 527 1432 fugeret?
564 1368 601 1418 Et
619 1368 691 1417 sicut
708 1382 757 1432 pcr
775 1365 904 1432 leprosos,
925 1366 971 1431 qui
990 1370 1065 1414 eraut
1083 1367 1112 1414 in
1130 1367 1241 1416 introitu

121 1447 207 1507 porte,
230 1440 279 1490 illa
297 1441 363 1506 suga
383 1441 500 1492 Sirorum
525 1442 665 1491 nunctiata
687 1441 739 1490 fuit
758 1439 942 1498 samaritanis,
967 1441 1007 1488 ita
1031 1455 1080 1504 per
1105 1439 1240 1504 leprosum

120 1515 149 1562 iu
167 1516 265 1577 anima,
285 1515 417 1580 prefatum
436 1513 566 1564 videlicet
579 1520 739 1580 apostatam,
758 1514 900 1563 nunctiata
915 1512 966 1562 luit
977 1512 1153 1578 Egyptiorum
1166 1511 1241 1576 fuga.

120 1587 157 1637 Et
176 1589 246 1638 sicut
269 1588 317 1638 ille
336 1587 451 1655 populus
471 1588 699 1638 Samaritanorum
718 1586 806 1652 spolia
831 1588 860 1635 in
886 1586 981 1636 castris
1001 1585 1126 1651 Syrorum
1145 1585 1242 1635 relicta

122 1659 243 1724 pellegit,
270 1663 310 1712 sic
329 1668 421 1712 noster
440 1663 572 1712 exereitus
591 1661 708 1710 tentoria
727 1665 754 1709 et
773 1659 914 1709 manubias
939 1658 1101 1724 fugientium
1121 1659 1240 1723 diripuit,

120 1739 231 1797 targyas
250 1734 379 1798 plurimos
404 1741 431 1784 et
456 1749 548 1784 omnes
568 1727 734 1798 [galeidasd‘]
756 1747 815 1782 cum
840 1732 959 1782 barbatis
985 1737 1013 1782 et
1037 1731 1097 1782 aliis
1117 1732 1240 1794 navibus,

123 1821 175 1871 que
195 1805 265 1856 inira
284 1807 374 1858 casale
393 1823 479 1872 usquc
506 1807 541 1856 ad
566 1806 704 1856 civitatem
728 1805 944 1867 inveniebantur,
975 1819 1035 1854 cum
1061 1805 1122 1855 aliis
1147 1803 1241 1870 spoliis

120 1880 239 1930 victores
263 1885 471 1945 occupaverunt.
509 1878 590 1930 Multi
613 1879 758 1929 bellatores
785 1877 886 1928 relictis
911 1877 1040 1928 uxoribus
1065 1893 1098 1928 ac
1122 1876 1241 1943 parvulis

121 1957 251 2019 propter⁰
276 1954 442 2019 inopinatum
461 1955 603 2003 transitum
621 1953 746 2016 fugerunt
766 1949 800 2001 de
819 1951 955 2010 Damiate,
982 1955 1010 2000 et
1027 1952 1068 2001 sio
1086 1966 1136 2016 per
1154 1952 1240 2015 girum

120 2024 233 2076 firmiter
251 2027 362 2078 obsessa
381 2031 423 2076 est
442 2027 547 2076 ciritae.
588 2019 658 2075 Perr
682 2024 814 2075 desidiam
834 2030 922 2073 autem
949 2029 976 2073 et
1000 2024 1124 2073 inertiam
1150 2039 1241 2074 eorum

122 2113 233 2164 quorum
252 2101 362 2150 nomina
380 2100 455 2150 Deus
478 2101 531 2150 scit
554 2099 655 2166 iactum
682 2104 731 2158 est,
758 2104 786 2148 ut
811 2099 901 2147 hostes
925 2098 1067 2163 resumptis
1086 2097 1187 2147 viribus
1214 2103 1242 2147 et

122 2173 228 2236 animis,
247 2172 411 2226 adveniente
431 2174 513 2222 otiam
535 2171 669 2222 Coradino
689 2186 748 2221 curn
768 2169 899 2236 Alapinis‚
925 2185 985 2219 eum
1005 2185 1103 2233 magua
1122 2169 1241 2220 multitu-

123 2245 187 2296 diue
215 2247 305 2297 locum
335 2246 410 2296 illum
440 2251 615 2311 occuparent,
642 2261 659 2294 a
689 2260 741 2311 quo
770 2244 853 2294 nostri
882 2245 1024 2294 transitum
1052 2243 1241 2293 miraculosum

121 2319 252 2370 fecerant.
288 2321 325 2370 Et
343 2322 383 2371 sic
402 2335 451 2370 noe
471 2319 626 2370 obsidentes
646 2319 782 2368 civitatem
801 2317 854 2382 ipsi
872 2316 1050 2382 periculosius
1069 2316 1241 2379 obsederunt,

122 2398 150 2443 et
168 2393 221 2443 nisi
239 2408 288 2459 per
307 2393 426 2444 divinum
447 2393 587 2444 consilium
613 2393 700 2458 prima
726 2396 823 2450 casua,
852 2405 903 2455 que
928 2397 1005 2439 erant
1028 2391 1098 2439 inter
1122 2394 1242 2439 marcet

122 2466 223 2529 Nilum,
248 2471 353 2517 retenta
372 2467 495 2529 fuissent,
524 2467 640 2516 maxime
664 2481 713 2532 per
731 2463 913 2514 Theutonicos
938 2468 965 2513 et
983 2464 1125 2526 Fresones,
1149 2469 1241 2528 portus

123 2540 201 2589 nobis
221 2539 327 2590 ablatus
352 2539 456 2602 fuisset,
485 2543 513 2589 et
541 2539 679 2605 negotium
702 2537 845 2604 plurimum
871 2535 1051 2603 periclitatum
1075 2535 1240 2588 vacillasset.

122 2612 160 2662 Ut
178 2617 269 2662 autem
289 2613 445 2664 miraculum
463 2614 604 2664 transsitus
623 2613 709 2678 magis
723 2610 884 2662 claresceret
900 2625 938 2660 ac
951 2610 1001 2660 soli
1013 2609 1118 2660 Christo
1131 2609 1242 2660 firmiter

124 2685 327 2748 assentaretur,
346 2685 381 2734 ad
401 2691 503 2736 tantam
517 2687 660 2738 sarraceni
679 2689 858 2753 pervenerunt
872 2685 1060 2746 temeritatem,
1079 2690 1109 2734 ut
1122 2682 1242 2733 diluculo

124 2757 233 2808 sabbati
253 2764 314 2808 anto
327 2759 439 2810 ‘Oculit
458 2761 512 2809 mei
530 2754 676 2826 semperh',
687 2759 765 2809 uobis
784 2758 840 2809 tale
859 2757 1008 2823 periculum
1027 2772 1082 2806 non
1100 2757 1242 2822 prevideu·
1253 2769 1319 2810 Mart.
1331 2769 1352 2810 a.

124 2831 206 2894 tibus,
226 2847 285 2881 oum
306 2831 477 2882 multitudine
497 2835 573 2896 gravi
592 2835 702 2900 propius
722 2833 887 2882 accederent
913 2838 940 2881 et
957 2845 1043 2896 usque
1069 2831 1098 2880 iu
1115 2831 1244 2882 fossatum

124 2919 155 2956 se
178 2906 383 2970 precipitarent;
412 2904 461 2955 sed
491 2905 582 2955 divino
611 2905 712 2956 auxilio
742 2920 801 2954 cum
826 2905 903 2970 gravi
926 2904 1042 2970 dampno
1072 2905 1190 2969 equitum
1218 2909 1245 2953 et

125 2993 254 3043 equorum
273 2977 375 3042 repulsi
393 2984 464 3028 suut.

201 3051 244 3100 10.
272 3052 350 3102 Auno
363 3051 454 3116 gracie
470 3049 567 3101 12191.
581 3051 676 3115 regina
689 3050 826 3100 civitatum
843 3048 1002 3101 Ierosolima
1019 3049 1154 3100 destructa
1171 3054 1212 3099 est
1229 3064 1246 3098 a

126 3123 271 3184 Goradino,
290 3123 346 3174 filio
366 3123 523 3190 Saphadini,
541 3124 606 3174 ioris
626 3127 653 3173 et
670 3124 750 3183 intus,
770 3138 822 3188 que
841 3122 984 3172 videbatur
1001 3122 1247 3188 inexpugnabiliter

126 3199 238 3248 munita.
288 3198 358 3247 Muri
384 3200 441 3248 eius
467 3192 543 3246 curni
568 3196 684 3246 turribus
708 3195 812 3246 redacti
839 3202 900 3246 sunt
927 3196 954 3244 in
984 3209 1095 3245 acervos
1123 3194 1245 3259 lapidum

124 3277 215 3337 preter
244 3271 372 3337 templum
398 3271 507 3321 Domini
544 3276 571 3320 et
598 3271 690 3320 turrim
719 3267 818 3319 David.
865 3269 907 3317 De
935 3263 1101 3332 sepulchrok
1129 3267 1247 3332 glorioso

126 3344 288 3396 destruendo
315 3343 455 3396 consilium
480 3343 631 3394 habueruut
658 3342 800 3393 Sarraceui
833 3346 860 3390 et
889 3356 936 3406 per
962 3338 1065 3390 litteras
1092 3341 1247 3391 comminati

125 3424 195 3478 suut,
226 3434 293 3484 quas
318 3419 421 3469 civibus
445 3417 571 3467 Damiate
597 3416 801 3467 transmiserunt
824 3414 859 3464 ad
884 3415 1002 3479 ipsorum
1028 3412 1169 3470 solatium
1198 3412 1247 3463 sed

125 3491 189 3542 huic
207 3493 351 3542 temeritati
369 3507 449 3542 nemo
468 3493 629 3556 presumpsit
648 3505 741 3540 manus
761 3503 895 3554 apponere
914 3493 1023 3554 propter
1048 3485 1103 3536 loci
1122 3501 1246 3536 reveren-

126 3567 201 3615 tiam.
240 3565 318 3616 Sicut
337 3567 408 3614 enim
434 3566 461 3614 in
480 3562 642 3625 Alchorauo,
670 3563 738 3613 libro
765 3561 835 3624 legis
855 3577 954 3623 eorum,
978 3561 1109 3626 scriptum
1135 3559 1244 3623 habent,

126 3637 236 3688 Ihesum
256 3637 390 3689 Christum
418 3639 554 3688 domiuum
579 3642 698 3687 nostrum
724 3634 837 3685 credunt
862 3634 895 3684 de
914 3635 1001 3684 Maria
1026 3635 1130 3698 virgine
1155 3638 1247 3683 natum

126 3817 149 3869 a)
164 3815 210 3858 Sed
225 3819 289 3870 quia,
304 3822 329 3859 ut
344 3821 451 3869 superius
467 3820 565 3860 relatum
582 3823 624 3870 est,
639 3819 731 3858 fossatis
747 3820 770 3858 et
786 3816 869 3857 llmosa
884 3817 982 3857 materia
998 3825 1050 3857 cum
1065 3813 1247 3867 propugnaculis

125 3877 204 3917 hostes
219 3879 355 3918 munierant
374 3879 434 3929 loca,
455 3882 521 3918 tauta
540 3879 565 3918 ln
589 3887 687 3918 ascensu
709 3876 752 3916 tuit
768 3876 893 3917 difficultas
908 3880 934 3915 ut
948 3875 974 3916 L.
1065 3873 1089 3925 b)
1105 3877 1137 3914 ito
1152 3887 1169 3914 o.
1185 3879 1204 3914 et
1219 3875 1246 3917 θ.

127 3934 149 3988 c)
160 3948 182 3985 q.
199 3937 346 3978 audacterde
354 3937 379 3976 L.
409 3936 433 3988 d)
450 3939 506 3977 deest
514 3949 532 3977 c.
564 3934 586 3987 e)
604 3938 678 3976 territi
693 3947 716 3986 p.
725 3936 751 3977 L.
783 3935 981 3986 f)Sedquomodo
997 3936 1122 3985 scriptum:
1136 3935 1248 3974 uxorem

126 3996 192 4036 audii
207 3996 283 4036 luctus
294 3999 398 4048 occupat,
415 3998 448 4036 sic
461 4000 485 4036 et
493 4007 522 4036 ue
530 3995 674 4036 successibus
688 3997 757 4036 etiam
769 3994 878 4035 felicibus
893 3994 1007 4034 acaslbus
1022 3995 1133 4035 adversis.
1156 3994 1248 4041 Auente

125 4055 242 4104 siquidem
257 4055 409 4103 quorumdam
425 4055 536 4095 falsorum
552 4055 649 4094 fratrum
665 4055 763 4104 pertidia
778 4055 864 4095 factum
886 4058 928 4105 est,
948 4056 975 4092 ut
989 4053 1015 4092 L,
1076 4052 1100 4102 ς)
1114 4063 1134 4092 a.
1151 4052 1248 4091 terciam

127 4114 305 4164 quadragesime
329 4115 470 4155 dominicam
493 4113 559 4154 uobis
582 4114 608 4155 L.
711 4113 735 4164 u)
759 4114 823 4153 rurba
848 4124 869 4155 o.
893 4123 924 4156 m.
945 4123 963 4152 s.
984 4113 1130 4162 superscripto
1154 4115 1205 4150 rum
1230 4122 1248 4150 c.

127 4172 145 4224 i)
159 4174 185 4213 ln
200 4185 217 4213 c.
277 4171 302 4224 lr)
318 4184 336 4213 s.
352 4175 449 4213 Domini
464 4174 496 4222 gl.
514 4173 539 4214 L.

130 4311 159 4377 1)
180 4312 233 4374 Qut
246 4313 384 4379 paschalia
403 4321 517 4381 tempore
534 4313 671 4379 incipitur.
