3122 4978
282 399 334 450 184
373 397 561 450 CHRONIOA
574 395 688 448 REGIA
703 394 954 448 COLONIENSIS.
975 393 1079 445 CONT.
1089 392 1128 443 11.
1145 395 1179 444 A.
1191 392 1271 444 1208.
1283 393 1362 445 1209.

170 581 222 624 Dae·
233 582 269 625 aa.
281 565 507 652 desponsatam
535 561 597 627 sibi
623 562 751 648 accepit
777 581 921 626 uxorem.
965 557 1086 645 Vigilia
1113 558 1237 626 Thome
1263 559 1402 646 apostoli

283 649 363 715 Otto
376 659 456 714 rex⁸
472 645 641 714 Coloniam
662 645 845 726 adveniens,
868 655 1033 731 tamquam
1049 665 1153 708 novus
1175 667 1235 711 rex
1255 645 1297 710 ab
1313 646 1401 711 omni

282 735 412 799 civitate
447 734 481 797 in
517 730 625 797 leticia
658 740 690 795 et
725 729 920 794 exultatione
979 729 1188 794 loriosissime
1223 739 1401 816 susceptus,

281 816 403 883 ibidem
434 815 541 882 triduo
574 823 789 880 commoratus
824 821 881 878 est.
995 812 1184 878 heodericus
1216 815 1401 899 prepositus

282 900 474 967 Sanctorum
496 898 725 986 Apostolorum
748 896 882 964 Oolonie
903 897 938 962 in
965 897 1246 983 archiepiscopum
1274 895 1314 962 eli
1340 900 1403 962 'tur

282 986 332 1055 11.
359 983 433 1050 Kal.
460 985 588 1050 Ianuar.
673 980 838 1047 Palatinus
867 981 907 1046 de
933 980 1215 1067 Wittelingisbach
1244 920 1403 1048 occiditur

280 1067 321 1134 ab
344 1067 498 1134 Heinrico
521 1067 562 1133 de
576 1066 709 1132 Kalatin
753 1088 788 1130 ro
810 1077 911 1132 morte
932 1063 1072 1152 Philippi
1094 1067 1190 1152 regis,
1212 1087 1309 1153 quem
1329 1067 1402 1153 ipse

282 1151 454 1220 crudeliter
476 1151 647 1218 occiderat.
765 1149 858 1215 odem
880 1160 1023 1236 tempore
1046 1151 1078 1214 in
1101 1149 1220 1236 Anglia
1242 1150 1401 1216 dissensio

205 1261 270 1308 1205.
280 1237 388 1323 gravis
418 1247 488 1302 orta
515 1247 572 1306 est.
617 1234 847 1300 Cantuariense
874 1256 1014 1321 namque
1042 1233 1284 1320 archiepiscopo
1312 1235 1400 1299 viam

279 1323 430 1386 universe
460 1322 564 1386 carnis
592 1320 748 1405 ingresso,
776 1319 854 1383 dum
881 1340 940 1404 pro
969 1317 1117 1404 eligendo
1146 1327 1275 1404 pastore
1297 1317 1400 1384 clerus

280 1426 354 1468 cnm
377 1404 497 1491 populo
521 1404 731 1484 convenisset,
753 1425 813 1467 rex
828 1402 987 1468 Iohannes
1008 1402 1167 1468 tirannide
1189 1424 1227 1467 ac
1248 1401 1401 1469 violentia

279 1489 383 1574 magis
407 1511 483 1554 usus
506 1510 603 1575 quam
624 1488 762 1571 iusticia,
795 1485 930 1552 liberam
959 1495 991 1552 et
1016 1487 1058 1553 ab
1085 1487 1218 1574 antiquo
1247 1489 1401 1552 canonice

280 1582 503 1638 conservatam
518 1581 549 1637 et
570 1571 747 1659 apostolica
768 1572 958 1636 auctoritate
975 1571 1195 1636 confirmatam
1210 1569 1400 1636 electionem

279 1657 313 1722 in
329 1656 550 1755 preiudicium
571 1656 649 1720 iuris
672 1655 807 1720 ecclesie
828 1655 1066 1742 pertemptabat
1087 1655 1271 1740 infringere,
1299 1655 1400 1742 regali

280 1739 394 1805 ditioni
416 1741 527 1806 dicem
549 1741 694 1822 attinere,
725 1740 812 1828 quod
840 1743 909 1827 ipse
931 1739 1212 1826 archiepiscopum
1238 1741 1284 1804 eis
1305 1737 1401 1826 prefi-

280 1845 352 1892 cere
375 1825 515 1891 deberet
561 1823 684 1890 Ceteris
702 1847 778 1890 vero
824 1848 858 1892 er
879 1821 1133 1889 iurisdictionem
1156 1834 1188 1889 et
1209 1823 1402 1890 ecclesiasti·

280 1929 351 1972 carn
374 1931 540 1974 censuram
564 1931 599 1974 se
621 1847 875 1991 defendentihus,
898 1930 971 1972 cum
993 1907 1039 1971 nil
1059 1908 1261 1994 proficerent,
1284 1917 1316 1972 et
1331 1930 1401 1993 rex,

280 2001 443 2080 tamquam
466 1993 566 2058 hostis
588 2002 620 2058 et
640 1994 790 2057 inimicus
812 1994 956 2058 veritatis
980 2003 1012 2058 et
1032 1992 1167 2075 iusticie,
1196 1993 1284 2056 omni
1306 2014 1400 2058 cona·

279 2077 365 2142 mine
397 2077 584 2142 violentiam
611 2076 657 2142 eis
685 2078 823 2160 inferret,
860 2078 1025 2142 dominum
1056 2098 1175 2163 papam
1208 2099 1246 2141 su
1271 2100 1306 2142 er
1337 2077 1401 2143 hoo

281 2161 511 2228 consulendum
534 2170 735 2226 censuerunt.
779 2162 945 2227 Relatione
971 2163 1070 2247 igitur
1090 2099 1276 2226 huiusmodi
1297 2161 1401 2228 Rome

281 2243 396 2328 delata,
417 2269 477 2333 per
498 2245 689 2310 sententiam
711 2247 809 2310 totius
826 2247 969 2310 Romane
991 2246 1078 2310 curie
1100 2267 1159 2310 rex
1180 2248 1399 2310 exeommuni-

280 2338 385 2412 catur;
417 2339 643 2416 transactoque
675 2328 838 2416 aliquanto
869 2340 1023 2416 tempore,
1055 2351 1141 2415 papa
1174 2328 1399 2395 Cantuariensi

201 2413 411 2480 raosecclesie
434 2415 622 2503 episcopum
644 2412 824 2499 preficiens,
847 2415 879 2477 in
892 2413 1044 2498 Angliam
1065 2415 1279 2497 transmisit13
1302 2436 1399 2501 quem

278 2519 352 2562 enm
373 2497 554 2563 nullatcnus
575 2519 634 2563 rex
655 2498 818 2583 suscipere
841 2498 1042 2580 consentiret,
1066 2497 1122 2564 sed
1136 2499 1240 2584 magis
1263 2499 1399 2564 exitium

278 2581 495 2647 crudelissime
522 2582 635 2646 mortis
656 2580 712 2662 illi,
750 2583 777 2646 si
809 2580 862 2646 illo
891 2583 1008 2647 intrare
1054 2592 1270 2681 ertemptaret,
1303 2585 1400 2648 inter·

201 2691 266 2733 raoe.
278 2667 462 2749 minaretur,
484 2664 709 2730 nichilominus
731 2675 764 2730 et
784 2665 856 2753 ipsa
876 2676 942 2731 tota
956 2603 1076 2751 Anglia
1097 2666 1193 2730 simili
1215 2687 1399 2732 excommu-

278 2751 447 2815 nicationis
482 2752 643 2816 sententia
674 2750 795 2814 feritur.
891 2750 1093 2831 Friderious,
1134 2749 1218 2815 filius
1251 2750 1398 2816 Heinrici

277 2836 488 2920 imperatoris,
521 2831 627 2898 adhuc
659 2834 853 2918 adolescens,
886 2835 991 2900 intrab
1022 2834 1164 2900 Siciliam
1197 2856 1232 2900 se
1258 2833 1399 2982 plurimo

277 2929 420 3004 tempore
442 2919 618 3000 continens,
648 2915 746 2982 filiam
768 2918 852 3005 regis
875 2919 1112 3004 Arragonum0,
1140 2919 1193 2983 et‘1
1215 2918 1255 2982 ad
1279 2940 1320 2982 uc
1341 2941 1399 3005 pa·

277 3003 425 3089 ganam’‚
448 3001 506 3067 sed
527 3010 640 3088 postea
661 3002 867 3068 christianam
890 3004 1016 3085 factam,
1040 3002 1133 3067 duxit
1153 3024 1298 3067 uxorem.

515 3108 611 3170 Anno
634 3105 793 3171 dominice
814 3106 1042 3172 incarnationis
1068 3106 1159 3171 1209.

363 3188 440 3256 Otto
461 3212 522 3255 rex
542 3187 647 3256 natale
669 3190 803 3255 Domini
817 3191 931 3257 Bunne
953 3188 1136 3255 celebravit.
1221 3189 1260 3254 In
1283 3198 1399 3254 octava

167 3282 478 3360 irarsapentecostes
512 3273 731 3340 Theodericus
769 3274 889 3340 electus
923 3295 1032 3340 omnes
1072 3273 1291 3372 suffraganeos
1331 3274 1397 3358 epi-

277 3379 391 3444 scopos
407 3357 574 3424 Coloniam
589 3360 746 3441 invitavit,
763 3360 912 3444 quatinus
928 3380 1038 3423 eorum
1051 3357 1203 3456 suffragio
1218 3356 1397 3422 secundum

276 3443 357 3508 scita
392 3464 552 3507 canonum
588 3444 695 3529 episco
721 3442 824 3508 ahbus
855 3443 1004 3528 insigniis
1043 3442 1187 3507 investui
1223 3440 1398 3507 debuisset.

275 3527 418 3594 Instante
439 3536 548 3592 autem
570 3527 631 3610 die,
654 3467 785 3593 ethera
806 3526 1003 3614 procedendi
1023 3527 1088 3590 iam
1111 3525 1307 3607 imminente,
1335 3525 1397 3592 dis-

278 3612 384 3676 sensio
406 3612 488 3676 inter
508 3613 574 3676 iam
589 3611 692 3678 dictos
707 3613 877 3711 episcopos
893 3612 1001 3692 oritur,
1025 3609 1167 3697 quolibet
1189 3607 1407 3692 acclamante,-

277 3695 355 3759 iuris
378 3697 428 3758 sui
450 3716 529 3775 esse,
554 3696 639 3782 quod
653 3696 932 3783 archiepiscopum
953 3696 964 3758 i
989 3717 1023 3760 se
1038 3714 1225 3760 consecrare
1247 3693 1397 3776 deberem

278 3781 386 3865 sicque
414 3780 448 3844 in
471 3777 654 3842 huiusmodi
682 3779 915 3865 disceptatione
943 3717 1141 3865 aliquantum
1168 3777 1232 3842 diei
1253 3789 1396 3863 protrac-

277 3871 345 3927 tum
367 3871 424 3944 est,
448 3883 614 3949 quousque
629 3863 699 3947 ipse
714 3862 931 3929 Theodericus
947 3862 1065 3928 electus
1081 3885 1114 3927 se
1136 3860 1277 3927 medium
1299 3862 1397 3928 inter·

277 4079 300 4133 ε)
320 4080 382 4130 recta
403 4090 459 4120 corr.
476 4090 518 4120 rex
533 4079 579 4120 Aa.
639 4079 663 4133 b)
680 4083 741 4123 later
757 4081 804 4125 Aa
866 4079 886 4133 c)
903 4081 1032 4130 Artageram
1048 4080 1096 4122 Aa.
1158 4077 1181 4130 d)
1198 4079 1309 4130 sortasse:
1331 4082 1397 4120 tnnc.

279 4246 307 4315 1)
327 4246 480 4314 Stephanus
507 4247 630 4316 Loaytoa
654 4266 680 4300 a.
709 4249 789 4300 1206.
809 4249 909 4301 Romae
932 4249 1046 4312 eleetos,
1074 4265 1128 4300 soa
1153 4256 1241 4299 tamea
1266 4247 1396 4316 Acyllam

276 4323 419 4390 inpressas.
517 4323 547 4388 2)
574 4322 648 4373 Nota
678 4338 794 4374 errorem
825 4322 995 4389 massarum
1026 4320 1180 4388 ratprortr5
1212 4318 1397 4373 Oorrstcatiarrs

276 4413 303 4448 a.
325 4395 404 4447 1208.
424 4395 476 4448 sibi
494 4395 673 4462 desponsavit,
693 4397 741 4448 scd
761 4413 830 4447 cano
851 4396 968 4462 sequestr*
986 4411 1096 4448 oaorem
1114 4394 1203 4447 ducit.
