3122 4978
287 399 340 449 206
388 396 575 449 GHRONICA
594 397 707 448 linoln
726 396 980 449 OOLONIENSIS.
1001 395 1105 449 cotis.
1126 397 1179 447 111.
1199 398 1230 448 A.
1246 396 1324 447 1203.

691 568 897 621 RecensioI.
917 576 941 621 et
960 569 1002 621 11.

282 667 418 743 possent
440 659 584 721 transire
590 679 602 737 ;
624 656 721 719 uadis
737 655 925 754 profundis
939 657 1159 738 existentibus,
1174 665 1263 721 non⁸
1271 665 1407 741 potera·

287 764 359 805 mus
382 740 469 805 alias
491 742 647 819 transire,
676 741 743 803 nisu
772 737 907 803 multam
929 739 1120 824 faceremus
1150 750 1324 805 torsuram.
1369 740 1410 806 Si

287 848 361 890 vero
384 848 405 888 a
428 833 539 890 nostro
560 824 697 910 naoipio
718 823 814 910 lonpe
835 823 1043 907 distaremus,
1043 823 1205 974 gomasse
1218 823 1410 909 periculum

287 932 444 996 mapnum
472 909 723 973 incurrissemus
746 916 775 972 et
797 907 986 991 dampnum.
1068 931 1122 972 um
1146 909 1410 993 pervenissemus

289 994 335 1058 ad
361 1001 493 1078 pontem
514 995 636 1079 ipsum,
657 991 724 1054 Dei
746 990 917 1076 patientia
946 990 1035 1056 nullo
1066 992 1209 1056 obstante
1232 1001 1409 1076 pertrans-

287 1077 439 1158 icimur,
468 1085 497 1141 et
516 1076 729 1162 procedentes
751 1076 893 1140 tentoria
921 1084 1057 1139 nostra⁰
1070 1076 1212 1160 fluimus
1240 1078 1326 1140 inter
1341 1099 1408 1161 pa-

287 1161 410 1226 lacium
429 1162 640 1245 imperatoris
662 1169 691 1222 et
738 1159 883 1223 alacium
893 1159 1067 1240 Boimoud,
1089 1169 1118 1223 et
1132 1162 1179 1224 sic
1196 1162 1409 1246 propinqua-

287 1247 394 1309 vimus
403 1245 577 1329 palacium
590 1244 677 1329 quod
729 1245 874 1308 aelerna
886 1243 1019 1324 dicitur,
1031 1245 1118 1328 quod
1129 1248 1268 1329 sapittae
1280 1254 1412 1309 nostrae

288 1329 449 1394 cadebant
470 1351 508 1391 su·
533 1350 574 1390 ra
589 1328 765 1412 palacium
787 1336 816 1391 et
836 1326 932 1412 iufra
948 1327 1124 1411 palacium
1141 1350 1206 1413 per
1226 1327 1409 1413 fenestras,

288 1421 317 1477 et
338 1415 478 1498 sapittae
501 1351 679 1476 grecorum
701 1434 801 1496 super
821 1413 962 1476 tentoria
983 1422 1108 1477 nostra.
1153 1413 1223 1476 Hoc
1236 1411 1334 1496 facto
1355 1435 1408 1476 eu·

287 1497 423 1562 ercitum
445 1506 592 1560 nostrum
614 1494 832 1560 conclusimus
852 1496 998 1582 prossis‘¹
1014 1495 1109 1580 palis
1132 1505 1160 1560 et
1178 1498 1408 1562 circumcinui·

288 1603 359 1644 mus
381 1579 477 1662 liciis,
501 1580 618 1644 deinde
646 1581 865 1643 instrumenta
896 1589 1010 1644 nostra
1038 1579 1153 1644 bellica
1182 1589 1211 1644 et
1238 1583 1410 1665 petrarias

289 1664 450 1728 crescimus
473 1673 547 1728 ante
568 1685 689 1728 muros.
738 1664 820 1726 Dua
847 1685 922 1728 uero
954 1664 1061 1728 Veneti
1068 1676 1081 1706 e
1110 1687 1210 1749 super
1237 1664 1412 1764 puandilet

289 1749 402 1813 navim
423 1745 642 1812 constrinocitf
676 1748 715 1811 de
752 1749 962 1832 cnumpuiss
984 1757 1118 1832 pontem
1148 1747 1343 1813 altissimum
1371 1749 1410 1812 in

290 1832 464 1896 altitudine
488 1832 549 1896 100
564 1831 667 1915 pedes
690 1830 865 1913 labentem,
888 1840 917 1895 et
938 1832 1060 1916 superh
1075 1832 1258 1918 quantitati
1277 1840 1410 1916 pontem

283 1925 440 2001 poterant
461 1918 510 1980 ire
530 1918 552 1980 4
573 1916 689 1981 milites
711 1916 751 1979 de
763 1915 889 1999 fronte.
932 1916 1084 1981 Preterea
1113 1915 1246 2002 quilibet
1272 1917 1411 1980 usarius

288 2000 503 2088 moponellum
517 2022 613 2063 suum
628 1999 764 2064 lubebat
784 2009 932 2064 erectum.
965 2001 1055 2064 Dum
1077 2001 1207 2065 (aretem¹¹
1229 2001 1288 2064 leoc
1300 1998 1409 2082 fieret,

290 2082 388 2149 Greci
409 2084 502 2149 nolis
519 2084 605 2169 pede
627 2093 657 2146 et
678 2105 758 2167 equo
775 2082 894 2169 plures
908 2085 1073 2148 instanter
1083 2083 1240 2168 fecerunt
1252 2083 1409 2148 insultus.

296 2169 409 2233 Verum
432 2177 533 2252 super
554 2169 612 2232 loc
635 2190 733 2254 quam
755 2190 815 2232 nos
838 2167 978 2232 deterius
1005 2169 1199 2233 latuerunt.
1255 2166 1411 2242 Quadam

288 2253 341 2318 die
362 2255 510 2318 munima
531 2251 670 2316 militum
691 2251 863 2316 multitudo
885 2253 924 2316 de
947 2254 1091 2337 quadam
1101 2262 1204 2336 porta
1218 2252 1411 2316 cateruatim

287 2338 465 2422 eprediens
481 2361 565 2423 quae
573 2345 677 2422 porta
693 2345 789 2421 patet
803 2359 825 2400 a
840 2335 975 2400 deutera
990 2346 1089 2420 parte
1101 2336 1232 2421 palacii
1246 2339 1411 2423 superius,

289 2421 397 2486 eociliit
417 2431 446 2484 et
467 2443 527 2485 nos
543 2423 739 2505 prouocauit
761 2420 806 2484 ad
829 2442 944 2501 arma;
968 2442 1048 2505 quos
1068 2421 1174 2484 nostri
1188 2444 1261 2484 cum
1281 2423 1412 2506 inperiti

288 2507 410 2591 impetu
440 2515 468 2569 et
486 2504 576 2590 forti
605 2504 779 2568 audacter¹
808 2499 1009 2588 repulerunt,
1041 2504 1129 2589 quod
1159 2505 1254 2568 multi
1288 2527 1410 2586 eorum,

290 2589 389 2654 altero
413 2589 550 2652 alterum
572 2588 768 2667 inculcante,
790 2596 986 2652 corruerunt
1006 2589 1043 2651 in
1056 2587 1196 2672 fossas,·
1218 2590 1304 2652 inter
1329 2611 1411 2673 quos

221 2667 226 2678 “
279 2670 377 2754 filius
398 2673 493 2736 ducis
516 2672 555 2735 de
578 2671 721 2751 Durato,
743 2673 801 2757 qui
827 2674 914 2736 inter
937 2671 1316 2756 Constantinopolitanae
1334 2671 1410 2757 for-

288 2759 353 2821 tior
374 2765 403 2818 et
419 2755 594 2841 pulchrior
616 2755 795 2836 dicebatur,
818 2779 889 2819 cum
912 2755 991 2820 aliis
1007 2757 1203 2842 quibusdam
1219 2766 1410 2856 peremptus

288 2849 345 2903 est.
389 2839 545 2905 Crastina
568 2861 693 2925 quoque
716 2840 769 2903 die
789 2840 932 2938 puedam
953 2840 1069 2904 colors
1097 2839 1236 2904 militum
1265 2841 1410 2905 ciuitatis

288 2946 347 2988 uer
362 2932 497 3007 portam
511 2923 719 2987 Blacheruae
741 2925 842 2992 eaeoit
863 2947 903 2988 ea
917 2933 1019 3007 parte
1042 2947 1108 3009 qua
1129 2927 1269 3011 inpenia
1291 2933 1408 2988 nostra

282 2987 402 3073 letica
432 3009 518 3093 cripi
536 3007 729 3092 feceramus
735 3029 748 3089 ,·
781 3008 838 3072 sed
864 3008 935 3072 Deo
964 3009 1100 3072 iuuante
1132 3009 1310 3073 retromissi
1332 3016 1410 3071 suut

287 3093 430 3176 turpiter
450 3101 479 3155 et
493 3100 653 3176 potenter.
688 3092 777 3155 Tunc
800 3093 935 3176 quidam
956 3100 1097 3156 retentus
1119 3101 1163 3157 est
1177 3093 1230 3154 eir
1243 3090 1410 3156 nobilissi-

288 3199 371 3256 mus,
397 3177 560 3260 potentior
589 3185 618 3238 et
646 3178 683 3240 in
710 3174 838 3240 milicia
865 3175 980 3240 melior
1009 3175 1157 3241 omnibus
1182 3175 1410 3241 Constantino·

284 3258 457 3345 politanis,
479 3262 538 3346 qui
559 3258 773 3324 consiliarius
794 3261 1003 3345 imperatoris
1026 3269 1106 3323 erat.
1158 3260 1222 3324 Die
1248 3260 1412 3325 Mercurii

282 3353 360 3428 post
382 3345 650 3408 ordinationemm
673 3343 749 3428 fuit
776 3353 804 3408 et
827 3366 876 3429 pr
921 3346 1048 3425 ositum,
1102 3344 1169 3408 uod
1197 3346 1234 3408 iu
1264 3345 1411 3408 crastino

279 3427 377 3511 fieret
399 3429 444 3491 ad
464 3429 626 3493 ciuitatem
648 3427 801 3507 assultus,
823 3427 897 3492 aide
911 3429 971 3492 icet
993 3428 1064 3492 duce
1113 3429 1197 3492 eneti
1224 3450 1287 3512 per
1307 3450 1409 3508 mare,
1436 3441 1442 3448 '

289 3533 391 3577 comes
405 3511 634 3590 Flandrensis,
656 3534 758 3578 comes
773 3511 989 3576 Ludecoicusn
1005 3534 1070 3596 per
1090 3523 1212 3576 terram
1234 3510 1411 3592 assilirent,

289 3605 317 3662 et
338 3597 485 3662 marolio
508 3620 580 3662 cum
601 3596 678 3661 illis.
711 3597 783 3682 Epo
806 3597 967 3681 siquidem
990 3597 1075 3660 etM.
1098 3597 1138 3661 de
1149 3596 1410 3661 Monimorenci⁰

289 3689 318 3745 et
337 3679 559 3745 marscalcus
585 3680 789 3765 Campaniae
806 3679 844 3744 O.
859 3681 898 3746 de
913 3678 1036 3744 Sarrcto
1051 3679 1188 3766 Cprone,
1203 3681 1281 3744 olum
1304 3679 1409 3744 assul-

288 3773 340 3828 tus
361 3763 467 3844 fieret,
494 3765 729 3828 custodiremus
759 3767 934 3832 euercitum
954 3764 1149 3849 forinsecus
1178 3766 1265 3829 inter
1289 3763 1411 3829 uadum

289 3857 318 3913 et
345 3859 519 3931 camposi;
549 3857 577 3912 et
609 3849 655 3911 sic
674 3847 830 3931 fecimus.
878 3849 982 3913 Facta
1009 3858 1116 3912 autem
1146 3848 1357 3913 ordinatione
1383 3857 1413 3912 et

284 3933 456 4017 proposito
489 3933 678 4012 terminato,
711 3933 781 3996 dun
813 3942 843 3997 et
882 3933 1004 3998 Venetii
1036 3955 1108 3997 cum
1141 3931 1338 4019 quibusdam
1371 3932 1411 3996 de

289 4111 312 4164 a)
328 4114 352 4153 et
367 4122 415 4152 nou
430 4113 471 4152 01.
490 4112 510 4152 2.
571 4109 595 4162 b)
610 4113 759 4152 transivimus
775 4111 821 4154 Bt.
887 4111 909 4163 o)
925 4113 981 4152 dccci
997 4114 1042 4155 01.
1111 4111 1134 4164 d)
1151 4113 1209 4162 fissis
1227 4109 1332 4164 (gressis)
1348 4112 1409 4152 codd.

289 4171 311 4224 s)
333 4171 446 4213 Venetiae
467 4171 505 4220 M„
521 4170 586 4210 etita
607 4171 677 4221 infra
752 4170 769 4221 i)
787 4173 931 4212 construnxit
951 4183 1009 4212 corr.
1027 4173 1165 4212 constrinxit
1181 4173 1229 4222 Οὓς
1246 4171 1367 4211 constituit
1381 4170 1411 4211 M.

288 4229 452 4282 g)nuiempnis
467 4230 527 4270 codd.
587 4229 612 4282 h)
628 4241 699 4280 supra
715 4231 758 4272 01.
773 4231 795 4272 2.
861 4229 879 4282 i)
896 4231 1024 4280 quamlibet
1038 4231 1088 4271 131.
1105 4231 1148 4274 Ol.
1165 4231 1186 4270 2.
1253 4228 1279 4282 k)
1294 4230 1351 4270 ocur
1367 4230 1408 4270 01.

286 4289 437 4341 inundentur
451 4289 500 4330 Bt.
560 4287 733 4339 mordinatum
748 4290 778 4330 H.
823 4288 995 4340 n)Ludowicus
1010 4291 1060 4330 Bl.
1112 4287 1136 4342 o)
1144 4289 1315 4330 Monimorenei
1330 4289 1379 4330 Bl.
1389 4290 1411 4331 2.

289 4350 336 4399 θὶς
351 4350 524 4389 Monimou-suet
540 4349 588 4398 01;
604 4349 851 4389 Monte-Morentinco
868 4349 897 4388 M.
958 4347 982 4400 p)
991 4349 1142 4390 marescallus
1159 4351 1201 4392 01.
1269 4347 1293 4402 q)
1303 4358 1411 4398 campum

288 4419 345 4453 corr.
361 4419 454 4459 campos
469 4408 523 4459 Bl;
538 4417 580 4458 per
596 4418 689 4457 compos
705 4407 734 4448 iii.
