3126 4976
386 348 574 403 CHRONIOA
593 349 707 403 REGIA
727 351 969 406 concumbere
988 353 1022 406 A.
1043 353 1124 408 1167.
1258 358 1310 410 119

590 523 752 576 Benenato
773 525 798 578 Ι.
819 535 850 578 et
868 527 915 578 ΙΙ.

188 608 346 708 sapientia
371 616 403 672 et
418 608 575 673 industria
591 609 747 673 mirabilis
764 621 796 675 et
810 611 843 710 in
856 633 919 710 quo
933 614 1076 677 maxima
1094 634 1171 698 pars
1189 614 1310 700 gloriae

186 693 389 778 1mperatoris
401 702 477 774 erat,
489 694 523 756 in
544 691 657 778 vigilia
667 704 895 779 assumpt1on1s
906 697 1019 763 beatae
1031 696 1152 762 Mariae
1164 697 1309 783 decessit,
1321 713 1377 766 Aue·
1387 716 1423 756 ιι

119 799 121 803 ·
188 775 338 840 omnibus
361 778 567 840 sacramentis
590 776 825 859 ecclesiasticis,
848 780 970 846 scilicet
991 781 1199 864 confessione,
1221 803 1308 847 com-

186 861 349 941 munione,
370 861 531 943 unctione,
555 861 759 926 devotissime
782 866 948 949 susceptis,
986 874 1018 930 et
1038 873 1228 930 testamento
1251 887 1309 931 suo
1384 939 1398 947 „

187 942 485 1010 commendabiliter
507 944 653 1010 ordinato
675 955 707 1011 et
729 948 922 1032 conscripto.
961 948 1054 1014 Circa
1074 948 1159 1013 idem
1182 960 1310 1035 tempus

186 1027 369 1093 Fridericus
376 1026 507 1092 illustris
516 1029 583 1093 dux
597 1030 744 1112 Sueviae,
760 1030 845 1094 filius
861 1030 1026 1097 Ouonradi
1036 1034 1131 1118 regis,
1148 1033 1309 1117 occubuit,

187 1120 238 1176 etl
259 1111 398 1198 Welpho
420 1113 536 1196 iunior,
560 1121 687 1177 etcum
711 1135 748 1179 eo
771 1124 860 1180 tanta
880 1115 1050 1182 multitudo
1073 1119 1308 1203 episcoporum,

186 1195 350 1278 abbatum,
366 1197 558 1282 principum,
588 1196 725 1261 militum
741 1209 773 1262 et
787 1198 933 1264 diversae
949 1199 1141 1265 conditionis
1155 1204 1309 1285 virorum,

185 1289 222 1344 ut
242 1278 412 1345 multitudo
435 1303 518 1367 pene
540 1302 708 1346 numerum
731 1282 910 1348 excederet.
947 1285 1138 1349 Paucissimi
1159 1289 1244 1350 enim
1268 1285 1308 1350 de

185 1365 330 1429 exercitu
357 1366 557 1450 imperatoris
585 1364 760 1448 redierunt,
795 1377 827 1432 et
853 1367 894 1432 ad
921 1367 983 1434 hoc
1005 1369 1112 1455 ipsum
1136 1371 1228 1455 quasi
1249 1392 1308 1456 per

184 1449 296 1534 fugam
319 1447 381 1512 sibi
404 1451 540 1536 quisque
559 1449 717 1515 subvenit.

268 1531 377 1597 Ante*
405 1533 490 1598 idem
519 1546 646 1620 tempus
674 1535 847 1599 Heinricus
875 1534 943 1600 dux
970 1538 1009 1600 de
1037 1535 1205 1622 Limburg,
1252 1537 1306 1601 cui

183 1617 358 1700 imperator
380 1617 458 1681 citra
478 1617 625 1683 Rhenum
649 1621 728 1683 suah
749 1620 878 1704 negotia
900 1630 932 1684 et
953 1619 1151 1704 archiepisco
1176 1643 1213 1684 us
1235 1620 1308 1685 Rei·

183 1700 299 1766 noldus
333 1698 508 1765 ducatum⁰
540 1701 763 1767 Coloniensem
796 1706 1030 1786 commiserant,
1063 1704 1115 1769 bl
1146 1643 1224 1769 liius
1247 1702 1408 1775 lul,1u.11.

184 1787 273 1851 obiit.
359 1783 507 1849 Ecclesia
530 1784 729 1850 Coloniensis
751 1785 954 1872 Philippum,
987 1789 1116 1852 maioris
1153 1786 1308 1853 ecclesiae

183 1869 343 1934 decanum
366 1878 397 1933 et
418 1869 643 1954 imperatoriae
666 1871 773 1934 curiae
795 1869 1031 1954 cancellarium,
1055 1893 1128 1936 cum
1143 1871 1249 1936 adhuc
1270 1873 1305 1936 in

183 1953 278 2018 Italia
299 1962 468 2036 teneretur,
490 1954 675 2038 pontificem
697 1954 758 2019 sibi
780 1953 884 2039 elegit.

266 2037 329 2102 Per
356 2037 443 2100 idem
467 2047 594 2136 tempus
617 2038 851 2103 Wiemannus⁰
880 2039 988 2123 episco
1013 2039 1068 2103 usl
1092 2039 1306 2124 Magedebur-

182 2123 290 2206 gensis
327 2130 358 2186 et
389 2121 625 2185 Luodewmusss
655 2120 853 2206 lantgravius
891 2131 923 2186 et
954 2125 982 2184 A
1020 2132 1106 2188 ertus
1138 2123 1306 2187 marchiol

183 2207 344 2292 ceterique
378 2205 546 2270 orientales
570 2205 715 2271 Saxones
737 2205 928 2270 Heinricum
950 2206 1065 2270 ducem
1089 2207 1250 2272 Saxoniae
1272 2216 1305 2271 et

182 2300 301 2356 terram
334 2289 402 2353 eius
435 2289 536 2375 preda
567 2299 599 2354 et
630 2289 787 2354 incendiis
819 2288 1022 2374 infestabant,
1060 2298 1091 2354 et
1112 2312 1195 2375 pene
1216 2291 1304 2355 attri-

247 2432 274 2502 *l
290 2435 412 2558 libii
425 2431 1304 2574 tttattstttlttttlattltsttttltttthl‘t‘

293 2598 316 2632 e.
338 2580 364 2632 d.
386 2587 417 2632 et
436 2582 530 2632 sacri
547 2582 688 2648 imperii
706 2597 766 2647 per
783 2581 925 2632 Italiam
945 2582 1304 2635 archicancellarium

293 2670 352 2705 cum
373 2682 406 2691 -
427 2682 461 2691 -
482 2654 570 2720 elegit.
609 2656 680 2717 Quo
705 2654 919 2706 electionem
947 2656 986 2706 de
1015 2671 1048 2706 sc
1076 2657 1143 2706 rite
1172 2656 1303 2706 factam

291 2733 432 2793 petente
458 2744 475 2778 a
499 2744 586 2794 papa
606 2728 820 2792 confirmari,
847 2729 889 2778 ad
912 2729 1119 2779 instinctum
1137 2728 1303 2780 Romano-

290 2818 375 2865 rum,
404 2802 575 2852 ultionem
593 2806 661 2852 tam
691 2806 831 2851 cruente
852 2817 888 2852 ac
907 2803 1061 2853 recentis
1087 2818 1146 2853 sue
1175 2803 1304 2868 stragis

292 2891 352 2940 per
377 2869 607 2926 Rennoldumi
640 2874 943 2941 arehiepiscopum
977 2876 1072 2926 facte
1098 2876 1223 2926 saltem
1248 2891 1304 2940 per

290 2948 565 2999 retardationem
604 2948 897 2998 confirmationis
934 2950 1187 3014 expetentium,
1230 2949 1303 2999 sive

290 3022 369 3072 ioco
389 3022 462 3071 sive
481 3021 571 3071 serio
597 3020 707 3071 fertur
730 3037 820 3086 papa
843 3023 1089 3087 respondisse,
1117 3022 1304 3088 sequidem

292 3094 600 3145 confirmationem
622 3111 689 3145 non
718 3094 907 3159 denegare,
944 3100 997 3146 set
1024 3096 1132 3161 ipsum
1159 3096 1304 3145 electum

288 3168 418 3219 debere
445 3167 583 3233 ydolum
615 3168 654 3217 ad
681 3167 845 3218 bonorem
863 3163 1037 3220 Renoldik
1062 3167 1173 3220 hostis
1194 3168 1303 3219 ecclc-

291 3241 341 3292 sie
369 3242 516 3293 Romane
555 3240 727 3306 sculptum
760 3239 799 3289 de
832 3240 985 3291 basilica
1019 3241 1117 3291 beati
1143 3241 1241 3291 Petri
1268 3241 1303 3290 in

291 3314 436 3366 Colonia
458 3329 643 3365 removere.
686 3311 865 3378 Siquidem
884 3313 1120 3364 Colonienses
1140 3315 1180 3364 ob
1200 3312 1303 3364 hono-

289 3388 510 3439 rificeneiam
542 3391 574 3437 et
598 3386 882 3438 recordationem
910 3390 977 3437 tam
1004 3387 1201 3452 prestantis
1234 3386 1304 3436 viri

291 3461 476 3527 sepulchro
505 3461 672 3511 decenter
700 3464 879 3510 exstructo
905 3459 1091 3524 imaginem
1119 3459 1234 3524 ipsius
1267 3459 1303 3510 in

290 3535 409 3600 lapide
433 3534 604 3598 sculptam
630 3537 941 3598 superposuerunt.
980 3533 1046 3584 Sed
1072 3532 1209 3582 electus
1234 3547 1303 3582 non

289 3608 392 3674 inops
413 3607 553 3660 consilii
571 3607 754 3673 ingeniose
782 3605 981 3670 respondit,
1010 3621 1044 3657 se
1073 3605 1106 3655 id
1134 3622 1200 3657 non
1233 3620 1302 3670 seg·

291 3682 379 3733 niter
403 3682 618 3745 effecturum,
645 3681 673 3730 si
697 3679 826 3745 aliquis
851 3679 1052 3744 apostolice
1072 3678 1303 3730 auctoritatis

252 3777 266 3786 -
290 3756 436 3805 nuncius
456 3770 567 3805 secum
587 3753 776 3819 procedens
796 3753 1031 3818 personaliter
1050 3752 1192 3802 eundem
1219 3751 1302 3817 lapi-

292 3829 362 3878 dem
386 3827 558 3879 removeri
583 3826 815 3877 demandaret.
854 3826 951 3877 Unde
971 3826 1033 3878 hoc
1052 3842 1118 3877 non
1138 3823 1302 3877 obstante

291 3902 537 3962 confirmatur,·
552 3898 582 3949 ia
600 3917 684 3965 musy.
705 3898 796 3949 addit:
825 3899 876 3949 Per
889 3900 961 3950 idem
979 3905 1085 3965 tempus
1103 3899 1210 3963 bellum,
1231 3898 1303 3964 quod

289 3975 359 4025 inter
386 3975 527 4025 orientales
556 3973 676 4025 Saxones
701 3973 850 4038 gerebatur,
877 3973 1023 4038 imperator
1049 3988 1133 4038 usque
1162 3972 1197 4022 ad
1225 3987 1303 4022 suum

283 4048 434 4098 adventum
459 4047 557 4097 differri
579 4047 706 4112 precepit,
726 4052 750 4096 et
768 4043 797 4095 in
815 4062 915 4096 rasura
930 4047 1032 4113 perpet:
1053 4045 1083 4096 A.
1097 4046 1131 4096 D.
1153 4044 1234 4096 1168.
1251 4045 1302 4095 Pa-

290 4121 387 4172 schalis
406 4136 477 4186 papa
495 4121 617 4183 moritur;
637 4121 680 4170 cui
699 4119 852 4170 dominus
872 4119 992 4171 Calixtus
1011 4127 1056 4171 ete.

179 4247 204 4300 a)
229 4251 252 4290 et
272 4249 309 4290 W.
326 4249 341 4288 i.
358 4249 401 4291 das.
418 4248 469 4288 Aa.
537 4246 562 4298 b)
586 4257 629 4288 sua
649 4259 672 4288 n.
693 4258 735 4286 sua
755 4247 804 4288 Bl.
881 4245 902 4298 e)
925 4246 1236 4297 archiepiscopatum
1252 4243 1302 4282 Al.

180 4307 204 4358 u)
221 4308 242 4348 s.
260 4307 304 4349 ca.
351 4307 489 4363 spurcum.
506 4307 553 4347 A1.
572 4307 619 4356 os;
637 4305 814 4348 wichmannus
830 4306 872 4347 ci.
917 4305 1078 4358 nascar.
1125 4301 1148 4352 g)
1165 4291 1303 4342 nteowreus

178 4369 256 4417 langr.
272 4368 316 4408 01.
391 4365 415 4417 h)
433 4365 681 4416 marc1002suepius.
713 4379 742 4400 =
771 4363 789 4416 i)
805 4364 944 4407 Reinoldum
960 4365 1009 4406 Ba.
1085 4360 1110 4415 k)
1125 4361 1239 4401 Rsinoldo
1255 4361 1301 4403 Ba.
