3098 4982
319 393 373 444 304
400 463 402 470 Α
430 392 609 444 CHRONIUI
628 394 837 446 RHYTHMICI
857 395 1102 454 COLONIUNSIS
1122 397 1355 450 FRAGMENTA.

425 578 441 627 5
463 562 551 626 Dum
573 583 651 647 gens
673 562 831 648 inpatiens
876 564 941 627 acis
963 585 1023 648 per
1042 572 1190 649 tempora
1211 567 1291 630 fiens

466 645 565 710 Bellis
587 647 697 710 iniecit
719 668 762 726 se,
809 585 874 711 uod
895 645 980 711 mals
1001 648 1139 747 conc[ioJ
1163 649 1247 714 fecit.

243 745 309 788 ner.
467 732 550 797 Cum
574 728 695 795 Sathan
717 669 842 814 invidit,
864 752 999 816 regnum
1021 731 1154 796 lascivia
1175 733 1280 798 scidit.

466 815 523 880 Lis
544 814 631 897 furit,
654 813 773 881 Ottone
794 816 844 879 ius
867 815 1049 880 defensante
1071 838 1197 882 corone.

466 901 587 964 Contra
607 921 665 985 per
686 908 821 964 martem
843 899 985 985 Philippi
1002 949 1009 964 .
1026 923 1077 965 em
1100 951 1107 966 .
1131 950 1138 965 .
1162 911 1190 964 .⁸
1213 913 1352 987 partem.

404 997 438 1046 10
459 985 622 1070 Posseque
643 983 771 1068 partito,
793 1005 853 1069 per
868 1030 997 1048 ......
1013 983 1148 1072 fav[ore]
1194 987 1302 1069 etitol,

464 1069 598 1134 Divisos
620 1088 770 1152 proceres
792 1079 869 1132 tunc
891 1066 1115 1157 [mili]ciasque
1136 1009 1271 1153 videres,

465 1152 572 1217 Urbes
594 1162 626 1216 et
646 1161 757 1237 gentes
779 1153 885 1216 varias
908 1152 1043 1216 adversa
1063 1163 1216 1218 tenentes.

466 1237 505 1302 In
526 1236 714 1334 tan[tis]que
735 1235 829 1300 malis
850 1236 1044 1300 discriminis
1065 1237 1240 1322 imperialis

465 1320 557 1401 Urbi,
579 1321 606 1384 si
628 1331 750 1401 scisset,
772 1318 840 1385 fore
862 1332 948 1384 non⁰
969 1330 1104 1407 partem,
1126 1320 1276 1388 licuisset.

404 1418 438 1466 15
462 1403 527 1469 Sed
549 1404 621 1491 quis
642 1404 781 1488 vicisset,
803 1427 855 1470 res
877 1427 919 1469 ex
943 1404 1078 1474 cotanda
1099 1405 1221 1487 fuisset,

465 1487 558 1552 Tunc
573 1535 678 1552 .....
695 1486 716 1553 b
733 1537 740 1552 .
757 1497 847 1554 .sset
870 1426 984 1578 [iuibgi
1006 1490 1084 1588 quid
1104 1489 1332 1574 prevaluisset!

465 1572 533 1637 Nec
579 1573 763 1654 revenisset,
785 1572 862 1658 quid
884 1582 917 1637 et
938 1584 1139 1658 ommpotens
1161 1573 1315 1640 voluisset

465 1656 527 1722 Vel
548 1595 644 1721 later
662 1656 696 1720 in
718 1657 821 1738 terris,
844 1667 875 1722 et
896 1658 1065 1721 mansisset
1087 1659 1155 1721 sine
1176 1661 1311 1743 guerris,

466 1741 537 1823 Quo
559 1739 642 1806 male
663 1739 774 1805 finales
796 1750 871 1806 sunt
892 1740 1026 1806 urbibus
1049 1740 1204 1812 exitiales.

402 1838 437 1887 20
461 1823 639 1891 Consilium
661 1825 795 1910 capitur,
819 1825 871 1890 cui
893 1834 1006 1910 pareat
1027 1825 1121 1908 urbs3
1144 1826 1302 1912 reperitur

465 1909 588 1975 Oreus*
610 1908 769 1995 predicta3
792 1909 949 1974 sententia
971 1931 985 1973 s
1011 1918 1088 1992 reta,
1110 1908 1221 1975 relicta
1236 1934 1444 1988 permensa
1479 1919 1484 1928 ’

465 1993 545 2058 Eius
561 2003 644 2076 erat3
659 1992 769 2058 fletum
784 2016 843 2079 per
856 1994 968 2057 fictum
982 1931 1110 2062 Rectene
1121 2003 1227 2059 cetum

464 2077 585 2142 Alter*
597 2079 753 2142 maiorum
765 2079 870 2163 potuit
879 2077 1063 2164 pariterque
1074 2079 1244 2161 minorum,
1258 2106 1290 2162 e)
1300 2108 1444 2152 omissum,

464 2161 511 2228 Ut
532 2163 627 2228 simul
649 2161 761 2227 Otto'ni
781 2162 911 2227 faveant
932 2160 1079 2227 bellando
1103 2162 1227 2227 Coloni.

401 2260 436 2309 25
460 2246 536 2328 Cur,
558 2246 642 2312 bone
666 2245 811 2332 Saphire,
832 2246 912 2310 facis
934 2245 1013 2310 hose
1035 2246 1218 2312 discrimine
1240 2248 1320 2311 mire

466 2330 563 2412 Quod
584 2354 649 2395 non
670 2329 797 2395 Perfusi
820 2332 907 2395 cives
930 2342 1004 2395 sunt
1025 2329 1172 2396 sensibus
1194 2332 1253 2395 usi.

463 2417 640 2564 Pepapue³
661 2415 815 2500 profecto,
837 2413 987 2500 Philippo
1009 2415 1089 2480 forte
1110 2419 1237 2498 reiecto,

464 2501 562 2564 Pretu
575 2500 622 2564 iss
642 2499 805 2565 Ottonem.
848 2499 927 2563 Ruit
945 2499 1021 2565 urbs
1041 2500 1076 2562 in
1098 2498 1303 2582 seditionem3

465 2583 564 2649 Orbis
587 2593 765 2671 quassatur,
788 2603 899 2646 casum
919 2584 1048 2648 fortuna
1069 2582 1216 2647 minatur.

404 2679 439 2731 30
460 2666 648 2733 Adveniunt
670 2665 770 2731 Suevi
791 2667 832 2732 de
853 2666 1016 2734 montibus
1037 2668 1084 2731 uti
1109 2690 1149 2732 ue
1171 2667 1248 2749 sevi,

466 2751 589 2816 Assunt
610 2752 781 2838 postremis
803 2750 844 2815 de
866 2754 979 2839 regnlo
1000 2689 1108 2840 iuxtal
1125 2751 1277 2816 Bohemis

465 2835 593 2918 Franci,
617 2835 779 2917 Saxonici,
801 2857 842 2899 ne
865 2858 908 2934 qu
921 2882 1123 2902 .........

465 2918 598 3003 Urbem,
622 2942 718 3007 quam
741 2941 841 3005 prone
863 2919 1060 2984 circumdant
1083 2919 1283 3007 [obsidione.

465 3004 574 3069 Patria
595 3003 754 3086 turbatur;
777 3027 862 3068 mars
884 3025 992 3068 muros
1015 3002 1111 3092 [circs
1132 3012 1290 3088 vagetur,

403 3101 438 3150 so
461 3086 582 3153 Crebro
605 3098 780 3188 pugnatis:
803 3088 889 3153 cadit
910 3087 973 3170 hic,
996 3086 1040 3176 [et
1060 3085 1113 3151 ille
1133 3087 1288 3177 necatlur,

464 3170 522 3237 Ille
545 3182 726 3257 sagittatur,
749 3170 818 3237 obit
838 3170 928 3253 alter,
949 3171 1160 3317 precipitatur

465 3257 607 3340 Tertius,
629 3260 774 3337 instatur,
795 3278 874 3342 gens
897 3278 972 3320 ense
992 3277 1032 3320 ve
1065 3257 1140 3340 igne
1159 3254 1355 3402 baccaturssh

463 3339 617 3428 Undique
639 3349 801 3427 spectatur
820 3339 928 3422 dolor,
949 3339 1002 3404 hio
1024 3340 1124 3425 fugat,
1147 3340 1157 3402 i
1181 3338 1352 3424 efugatur.

464 3424 564 3490 Terre
586 3433 778 3507 cruentatur,
800 3423 889 3489 furor
909 3422 1052 3488 hosticus
1073 3421 1303 3488 accumulatur.

401 3524 437 3573 40
459 3507 547 3574 Urbs
569 3507 768 3592 defensatum
791 3506 860 3574 obit
881 3508 974 3593 ignis,
997 3508 1103 3594 sque11
1124 3505 1285 3593 vigilatur.

317 3709 340 3760 s)
357 3711 451 3752 demere
466 3711 554 3749 conseer
569 3711 601 3750 sd.
661 3707 686 3760 b)
702 3710 777 3760 perito
792 3709 824 3748 et.
885 3708 970 3760 c)nsm
986 3709 1018 3748 ed.
1079 3705 1103 3759 d)
1118 3708 1152 3747 eet
1167 3708 1233 3757 quies
1249 3709 1300 3756 regi
1315 3711 1339 3748 st
1354 3709 1390 3748 tus
1407 3709 1440 3751 sd.

317 3770 353 3808 ssd
367 3771 418 3809 taes
432 3769 518 3808 minime
532 3770 639 3818 efflatur.
685 3767 707 3819 e)
724 3767 785 3808 hoc?
822 3765 888 3818 Otto
902 3777 920 3809 c.
959 3765 982 3819 ε)
1000 3771 1116 3809 crematur
1131 3768 1163 3808 ed.
1198 3764 1223 3817 h)
1240 3770 1263 3807 et
1278 3767 1391 3816 vigilatur
1406 3768 1438 3808 ed.

319 3919 347 3986 1)
367 3918 413 3970 Ito
429 3920 505 3986 glosa
523 3919 550 3969 in
577 3917 705 3985 margine.
750 3916 915 3969 Memorotwr
933 3916 1072 3983 Biebolsus
1090 3917 1226 3982 Perfusus
1249 3919 1314 3970 civis
1334 3918 1437 3970 Coloni-

318 3991 386 4044 eosis
406 4010 431 4043 a.
452 3992 531 4042 1188.
552 4001 575 4043 et
596 3991 675 4042 1189.
700 3991 774 4056 apud
799 3991 948 4043 Lacomblet
972 3991 1027 4042 UB.
1047 3991 1072 4054 I,
1089 4008 1117 4056 p.
1138 3992 1201 4042 814.
1222 3992 1285 4056 519,
1310 4009 1336 4044 o.
1357 3993 1438 4046 1208.

318 4066 345 4116 irs
364 4065 414 4116 litt.
439 4063 592 4117 Theoderici
610 4063 801 4129 archiepiscopi
819 4082 863 4130 op.
884 4064 1025 4128 Miroesm,
1049 4063 1098 4130 Op.
1118 4062 1183 4130 dipl.
1203 4065 1228 4128 I,
1244 4083 1276 4131 p.
1292 4065 1355 4118 406.
1367 4075 1391 4119 et
1409 4067 1438 4118 in

318 4138 432 4205 Dyntsri
450 4138 540 4190 ebron.
561 4140 578 4189 l.
599 4139 618 4188 I
623 4138 651 4201 V,
671 4155 692 4189 c.
714 4139 756 4190 70.
778 4137 813 4188 D.
851 4137 892 4189 De
912 4137 988 4189 curio
1007 4138 1227 4204 Perfuseabtp‘o.
1240 4138 1345 4202 Ennea,
1365 4139 1438 4194 Hist.

318 4209 371 4264 Uol.
393 4211 434 4275 II,
449 4230 480 4277 p.
502 4213 553 4262 185
571 4229 599 4262 n.
621 4211 645 4262 2.
740 4210 766 4275 2)
786 4210 912 4262 Fortasse
937 4210 1006 4262 idem
1032 4211 1078 4276 qai
1097 4227 1142 4276 op.
1163 4211 1274 4276 Godofr.
1294 4211 1439 4280 Haqenum

318 4286 356 4348 (s.
376 4285 429 4336 888
450 4288 517 4352 sqq.)
534 4286 687 4351 appellatur
706 4283 819 4348 (emin)
841 4283 926 4334 Couse
946 4283 1076 4348 (Osterio).
1115 4283 1152 4334 D.
1250 4284 1281 4351 3)
1300 4285 1439 4354 Arcbiepi-

316 4375 423 4424 scopam
441 4357 583 4425 inteltipere
602 4356 716 4420 videtur,
736 4355 783 4424 qui
802 4375 827 4408 a.
851 4357 931 4408 1204.
950 4358 987 4408 ool
1006 4357 1126 4422 Philippi
1139 4363 1233 4422 portes
1253 4356 1368 4410 transtu.
