2988 5058
279 399 333 451 826
409 399 559 452 onlvltal
578 399 737 450 RELATIO
757 398 808 448 DE
828 398 1077 450 EXPEDITIONE
1097 395 1312 448 Daumm'n.

202 564 421 631 mainfulatis
442 575 474 630 et
496 566 582 631 clero
603 589 663 653 per
684 565 803 630 clivum
817 567 935 630 montis
951 564 1117 630 orantibus
1136 575 1169 630 et
1183 559 1408 651 psallentibus.

280 651 404 716 Verum
432 649 508 716 licet
529 673 623 751 mons
644 649 798 750 ab.⁰.¹¹l¹¹³
818 661 911 737 parte
931 661 1106 797 preruptus
1127 651 1169 714 sit
1198 659 1231 714 et
1258 645 1409 746 excelsus

277 735 372 800 valde
393 745 426 800 et
453 757 546 835 quau
570 733 779 820 impossrbrhs
807 734 850 799 ad
871 736 1031 800 ascenden
1055 757 1111 798 um
1137 744 1231 798 extra
1256 741 1408 797 sem1tam

277 820 403 900 tritam,
425 819 543 885 m1htes
568 829 676 885 umen
697 829 730 884 et
750 817 911 902 satellites,
933 819 1057 905 equites
1078 829 1111 882 et
1125 817 1250 904 pedites
1267 815 1408 880 viriliter

277 904 498 986 ascendentes,
525 906 631 991 primo
660 904 775 990 inpetu
803 912 984 968 straverunt
1010 901 1220 968 castellanum
1246 923 1348 964 unum
1371 907 1405 964 et

276 986 513 1052 admiraldum·
524 1011 599 1052 cum
614 985 684 1052 aliis
699 986 816 1070 multis,
829 989 886 1073 qui
900 996 1009 1074 portas
1025 988 1123 1052 castri
1138 987 1260 1072 egressi
1273 985 1405 1050 fuerant

276 1071 320 1136 ad
341 1071 560 1137 defensionem
589 1074 717 1136 montis.
762 1071 886 1138 Ceteris
914 1082 1023 1136 autem
1051 1072 1085 1134 in
1112 1080 1277 1154 stuporem
1297 1069 1405 1133 versis

275 1177 316 1221 ae
347 1156 433 1221 intra
463 1156 570 1221 menia
601 1157 755 1242 receptis,
791 1177 855 1242 quo
888 1154 1055 1220 hominum
1086 1153 1220 1218 consilio
1251 1152 1303 1219 vel
1335 1153 1403 1217 Dei

275 1238 391 1305 iuditio
413 1241 455 1306 ab
482 1241 715 1327 inpugnatione
745 1241 842 1305 castri
870 1240 1023 1305 desierint
1050 1249 1083 1303 et
1110 1238 1240 1325 inglorii
1269 1237 1405 1301 descen-

276 1323 402 1389 derintl
435 1325 558 1410 ignoro.
602 1324 676 1389 Hoc
698 1333 820 1390 tantum
850 1325 927 1405 scio,
958 1322 1045 1411 quod
1067 1322 1252 1387 divinorum
1273 1320 1405 1385 iuditio·

276 1429 348 1472 rum
381 1372 507 1472 abissus
539 1406 677 1472 humane
710 1411 827 1473 mentis
862 1407 963 1474 oculis
996 1409 1158 1494 penetrari
1188 1429 1253 1471 non
1285 1415 1404 1492 potest.

277 1491 493 1557 Vehementer
524 1493 625 1556 eciam
659 1493 789 1579 opinor,
818 1491 981 1557 Christum
1014 1491 1077 1555 sibi
1111 1490 1171 1556 soli
1201 1489 1403 1575 triumphum

276 1575 394 1640 montis
429 1598 625 1659 reservasse,
669 1599 765 1676 quem
794 1599 868 1641 cum
900 1577 1012 1662 paucis
1048 1572 1215 1662 discipulis
1247 1574 1403 1657 ascendit,

276 1658 413 1748 gloriam
435 1683 491 1726 sue
513 1661 755 1726 resurrectonis
776 1660 897 1727 ibidem
920 1658 1138 1725 monstrando.

362 1745 392 1809 3.
430 1745 468 1808 In
482 1746 583 1810 tercio
607 1746 760 1830 equitatu,
782 1746 834 1809 cui
849 1745 1034 1830 patriarcha
1048 1766 1122 1809 cum
1138 1744 1231 1828 signo
1248 1743 1354 1806 crucis
1369 1752 1404 1807 et

277 1829 362 1893 sacri
384 1830 529 1915 episcopi
543 1851 609 1893 non
622 1829 845 1910 interfuerunt,
859 1827 960 1892 multa
981 1828 1123 1914 dampna
1143 1840 1176 1892 et
1196 1825 1405 1891 incommoda

277 1922 344 1977 tam
372 1935 432 1998 per
463 1912 659 1978 latrunculos
686 1923 784 2000 atque
811 1911 945 1977 furtivos
979 1914 1126 1976 incursus
1160 1934 1256 2010 quam
1284 1910 1404 1974 hiemis

170 1998 499 2082 vata-assperitatem
521 1999 668 2084 perpessi
690 2019 810 2079 sumus,
837 1997 1005 2082 presertim
1035 1998 1069 2060 in
1090 1995 1203 2080 vigilis
1224 1997 1403 2060 nativitatis

279 2079 401 2145 domini
421 2083 522 2146 nostri
538 2079 636 2146 Ihesu
651 2080 769 2147 Christi
791 2091 823 2146 et
843 2091 937 2146 nocte
959 2081 1116 2166 sequenti,
1138 2081 1172 2143 in
1194 2103 1259 2167 qua
1317 2080 1404 2143 avis-

280 2165 394 2228 simam
415 2175 638 2252 tempestatem
660 2166 881 2230 sustinuimus.
925 2167 997 2246 Que
1012 2165 1075 2229 nisi
1090 2165 1258 2230 abreviata
1315 2165 1402 2246 sset,

175 2234 269 2353 82¹3·
277 2258 409 2336 propter
419 2250 564 2335 inopiam
578 2248 737 2336 lignorum
750 2259 782 2314 et
792 2250 1058 2314 vestimentorum
1069 2250 1238 2335 penuriam
1249 2269 1403 2334 magnam

261 2337 400 2434 ‘partem
434 2335 594 2398 exercitus
631 2335 821 2399 extinxisset
858 2335 893 2396 in
924 2333 1042 2398 finibus
1083 2334 1164 2418 Tyri
1202 2341 1234 2398 et
1261 2331 1402 2418 Sydouis

277 2431 370 2483 1uxta
392 2417 572 2504 Sareptam.

361 2504 392 2566 4.
426 2502 504 2566 Post
517 2501 577 2566 hec
592 2500 713 2565 milicia
727 2501 861 2565 Domini
876 2500 1073 2586 quadrifaria
1087 2501 1191 2565 divisa
1205 2508 1262 2564 est.
1295 2500 1402 2585 Reges

276 2585 421 2671 Ungarie
449 2597 481 2651 et
503 2584 595 2671 inri
622 2607 696 2648 cum
725 2605 843 2668 magna
871 2583 1076 2650 multitudine
1102 2586 1347 2670 peregrinorum
1369 2595 1403 2650 et

277 2668 419 2768 dampno
451 2669 550 2734 Terre
584 2669 807 2754 promissionis
839 2668 998 2754 Tripolim
1029 2669 1164 2755 profecti
1195 2678 1279 2733 sunt
1327 2669 1403 2733 Rex

278 2751 371 2839 inu
391 2752 647 2818 adolescentulus
669 2753 796 2817 modico
812 2762 957 2838 tempore
971 2764 1045 2838 post
1066 2755 1098 2817 in
1113 2751 1238 2839 Tripoli
1252 2763 1400 2818 mortuus

276 2846 337 2904 est.
380 2835 453 2900 Alia
473 2858 549 2922 pars
577 2837 738 2902 exercitus
765 2838 931 2923 pigrorum
958 2847 990 2902 et
1016 2837 1202 2908 timidorum
1229 2849 1261 2902 et
1287 2859 1401 2902 eorum

276 2920 334 3007 qui
378 2920 602 2986 recumbentes
624 2921 667 2984 ad
687 2929 804 2985 terram
825 2919 921 3007 pleno
944 2943 998 2986 ore
1020 2922 1060 2987 de
1080 2921 1299 2986 habundantia
1319 2931 1401 2986 tem-

275 2942 436 3090 poralium
462 3004 622 3070 bonorum
650 3003 802 3069 biberunt
818 3014 1054 3069 ¹remanserunt
1079 3006 1191 3070 Acone
1225 3028 1327 3104 usque
1355 3007 1401 3070 ad

301 3090 465 3174 assagium
478 3090 616 3154 vernale.
659 3089 731 3154 Rex
744 3088 1019 3154 lerosolimitanus
1042 3098 1074 3153 et
1095 3091 1162 3153 dux
1178 3087 1307 3154 Austne
1323 3112 1402 3154 cum

314 3173 522 3238 onasteriensi
533 3182 565 3238 et
580 3173 800 3239 Traiectensi⁰
811 3172 881 3238 aliis
905 3196 946 3236 ue
961 3174 1122 3260 episcopis
1145 3184 1284 3238 castrum
1301 3173 1402 3238 Oesa-

276 3257 381 3322 riense
402 3257 563 3322 Palestine
585 3257 807 3322 semidirutum
833 3196 969 3322 viriliter
994 3258 1028 3321 in
1057 3258 1150 3323 brevi
1177 3258 1400 3340 firmaverunt,

276 3362 336 3427 per
351 3341 438 3428 quod
452 3341 525 3407 Deo
540 3342 636 3406 dante
658 3340 771 3407 eadem
786 3342 899 3405 civitas
914 3341 1167 3440 recuperabitur.
1210 3342 1249 3405 In
1263 3339 1402 3407 basilica

276 3425 433 3512 principis
455 3424 673 3511 apostolorum
702 3425 818 3490 festum
870 3425 1080 3490 urificatronis
1109 3424 1293 3512 patriarcha
1322 3448 1400 3490 cum

276 3530 336 3574 sex
357 3510 517 3596 episcopis
546 3507 764 3595 sollempniter
789 3449 972 3575 eelehmvst.
1015 3509 1192 3597 Templarii
1217 3532 1293 3574 vero
1322 3533 1401 3574 cum

276 3594 389 3679 paucis
411 3591 656 3659 auxiliatoribus
685 3594 863 3692 peregrinis
891 3603 923 3658 et
943 3592 1094 3679 hospitali
1116 3593 1156 3658 de
1178 3593 1275 3658 domo
1291 3593 1401 3658 Theu-

274 3678 455 3742 tonicorum
485 3689 625 3742 castrum
654 3676 711 3740 fihi
733 3678 813 3759 Dei,
866 3676 931 3741 uod
960 3676 1034 3741 olim
1057 3678 1278 3760 ‘Districtum',
1311 3701 1400 3744 nunc
1471 3689 1477 3696 '

276 3759 437 3826 ‘Castrum
470 3763 722 3847 peregrinorum’
749 3783 769 3824 a
797 3700 989 3847 quibusdam
1016 3759 1209 3847 appellatur,
1246 3762 1399 3828 edificare

274 3853 439 3930 ceperunt,
468 3846 554 3932 quod
579 3846 721 3931 positum
750 3854 799 3909 est
825 3845 859 3908 in
888 3845 1078 3932 episcopatu
1106 3845 1285 3910 Cesariensi
1313 3847 1401 3913 inter

277 3925 450 4015 Chayphas
483 3937 514 3993 et
544 3928 725 3994 Cesaream.
775 3928 875 3993 Cuius
904 3930 984 3992 situs
1016 3929 1088 3993 talis
1115 3941 1172 3995 est.
1221 3931 1400 3996 Promunc-

275 4014 394 4076 torium
415 4034 568 4098 magnum
591 4022 623 4078 et
643 4013 743 4077 altum
758 4014 839 4077 mari
859 4013 1013 4093 imminet,
1035 4015 1194 4079 munitum
1210 4015 1401 4080 naturaliter

244 4103 247 4112 '
276 4118 330 4161 sco
356 4095 417 4160 ulis
448 4117 560 4161 versus
594 4097 792 4162 occidentem
830 4106 862 4162 et
892 4106 1036 4161 austrum
1073 4106 1106 4162 et
1137 4100 1400 4184 septentrionem.

274 4118 404 4246 Modico
432 4189 514 4246 terre
542 4182 647 4268 spatio
674 4182 771 4246 turris
798 4181 841 4247 ad
868 4182 1023 4246 orientem
1057 4180 1178 4246 dudum
1207 4184 1315 4268 posita
1337 4194 1399 4268 est,

273 4325 298 4378 a)
315 4326 476 4368 admirandum
492 4337 549 4369 corr.
567 4327 721 4368 admiraldum
736 4339 753 4367 e.
813 4323 837 4378 b)
854 4326 1001 4369 descenderit
1015 4337 1034 4368 ο.
1104 4325 1126 4379 e)
1143 4328 1257 4370 Tractset.
1273 4339 1292 4368 e.
