3098 4982
158 393 345 446 CHRONIOA
359 393 473 444 REGIA
487 392 740 444 COLONIENSIS.
761 392 864 443 CONT.
876 393 909 442 V.
929 393 1148 445 A.1244.1slo.
1184 393 1236 443 287

142 563 303 626 ιιαοίιιω“.
345 561 424 624 Post
444 581 509 623 non
531 558 666 623 multum
688 571 751 624 tem
777 561 841 624 oris
863 559 960 624 iidem
972 559 1147 625 Corasceni
1162 581 1236 625 con-

119 585 272 710 dixerunt
285 667 359 710 cum
373 643 444 706 aliis
457 643 651 726 Sarracenis,
666 645 721 730 qui
737 647 762 707 si
787 645 818 708 il‘
829 655 1024 709 vocaverant
1033 645 1067 707 in
1078 644 1234 709 auxilium

118 730 264 794 militiam
300 728 516 809 christianam,
550 726 672 792 scilicet
697 726 907 813 Templarios,
935 728 1171 814 Hospitalarios
1203 740 1236 794 et

118 815 159 879 de
181 814 277 878 domo
299 811 507 892 Teuthonica,
530 810 615 875 facto
638 833 710 875 cum
732 815 778 876 eis
798 811 919 893 federe3
942 814 997 898 qui
1018 812 1102 877 feret
1125 834 1235 879 omnes

119 909 185 964 tam
208 899 372 962 christiani
394 917 491 983 quam
514 894 683 962 Sarraceni
704 897 738 959 in
759 896 828 961 acie
847 897 1060 978 cecideruntl,
1082 897 1236 961 vincenti-

119 983 180 1048 bus
192 981 382 1047 Oorascenis
394 989 427 1044 et
437 980 540 1065 captis
551 980 671 1044 ibidem
683 982 836 1064 magistro
846 979 1023 1066 Hospitalis
1035 991 1066 1044 ct
1082 981 1234 1066 magistro

119 1064 246 1153 Templi
269 1087 341 1128 cum
364 1062 518 1128 militibus
540 1085 651 1128 eorum
673 1064 792 1128 ordinis
815 1065 940 1129 circiter
961 1075 1097 1130 centum.

516 1155 611 1220 Anno
633 1155 768 1221 Domini
792 1159 883 1221 1245.

201 1244 293 1328 Papa
311 1240 457 1306 residens
480 1240 674 1326 Lugdunum
696 1251 853 1306 convocat
883 1240 1055 1306 concilium
1077 1241 1233 1327 gencrale,

117 1329 246 1392 mittens
279 1325 430 1413 epistolas
459 1347 518 1411 per
553 1325 719 1389 universas
756 1326 947 1411 provincias.
992 1325 1087 1406 Quod
1145 1337 1234 1390 ostea

116 1410 289 1477 celebravit
309 1432 418 1475 mense
439 1407 552 1490 lulio¹,
583 1409 680 1473 citato
702 1408 743 1472 ad
766 1411 826 1473 hoc
846 1411 1038 1496 imperatore
1058 1349 1235 1490 Friderico,

116 1505 153 1561 ut
166 1496 207 1560 de
221 1496 295 1581 ipso
311 1491 569 1580 querelantibuse
592 1494 701 1579 episco
726 1494 753 1557 is
775 1503 806 1558 et
828 1491 898 1557 aliis
919 1493 1136 1579 responderet.
1170 1493 1234 1574 Qui

116 1580 251 1644 veniens
279 1589 310 1644 et
338 1600 358 1641 a
380 1576 425 1641 ud
452 1575 662 1658 Taurinumss
720 1579 821 1662 igurie
851 1579 1022 1660 civitatem,
1057 1579 1233 1664 quiescens,

117 1664 264 1750 premisit
285 1601 462 1743 Thadcum,
491 1659 667 1747 imperialis
690 1662 777 1726 curie
805 1661 975 1744 iudicemt,
997 1663 1074 1726 iuris
1097 1665 1234 1762 peritum

119 1757 151 1812 et
171 1769 289 1833 magne
316 1746 495 1833 eloquentie
523 1747 637 1810 virum.
681 1746 747 1826 Qui
768 1747 904 1809 causash
930 1746 1073 1811 absentie
1098 1769 1234 1833 1mpera

117 1832 196 1895 toris
218 1831 281 1894 assi
327 1853 393 1914 ens,
415 1831 509 1916 petiit
523 1829 690 1895 ulteriores
712 1829 866 1911 inducias,
889 1832 1077 1916 promittens
1099 1833 1234 1917 impera-

117 1927 220 1981 torem
241 1853 380 1980 mbbem
401 1915 551 1980 terminoi
573 1915 795 1979 adventurum.
838 1915 912 1979 Non
933 1914 1091 1980 obtentis²
1105 1917 1235 1980 autemk

118 1999 267 2081 induciis,
298 2022 373 2064 cum
395 1998 524 2084 quidam
547 2000 691 2085 episcopi
714 1998 753 2062 de
774 2000 845 2084 ipso
875 2000 1106 2086 querimoniam
1127 2021 1234 2064 move-

117 2095 190 2150 rent
210 2083 297 2150 etad
312 2081 583 2162 hanc¹Thadeus,
605 2084 742 2148 nuncius
762 2084 1003 2169 imperatoriam,
1026 2082 1233 2148 disertissime

117 2168 334 2255 responderet,
364 2167 511 2232 dominus
533 2187 619 2253 papa
640 2188 705 2231 non
726 2167 893 2232 attendens
921 2166 1105 2232 huiusmodi
1127 2167 1233 2232 defen-

118 2254 224 2318 siones
245 2275 305 2317 nec
333 2251 501 2316 advertens
527 2273 640 2336 preces
662 2251 832 2316 Balduinin
854 2253 1055 2337 imperatoris
1078 2250 1234 2316 Constan-

8 2369 14 2380 ·
117 2336 317 2424 tinopolitani
345 2346 377 2402 et
402 2337 621 2400 interventum
650 2337 775 2400 comitis
797 2334 958 2418 Tolosam,
987 2337 1042 2422 qui
1070 2346 1234 2422 presentes

118 2421 307 2508 suppliciter
321 2421 524 2485 institerunt⁰
539 2443 625 2508 pape
639 2443 699 2508 pro
714 2423 915 2506 imperatore,
930 2442 1020 2484 sacro
1035 2419 1234 2519 approbante

119 2506 253 2570 concrlio
285 2515 363 2570 tunc
392 2513 549 2591 prasente,
583 2506 641 2571 ubi
673 2505 831 2570 affuerunt
861 2507 922 2570 150
953 2506 1097 2591 episcopt
1128 2514 1235 2590 preter

118 2589 250 2655 abbates
272 2600 303 2656 et
323 2590 402 2654 alios
424 2587 572 2675 prelatos,
604 2589 740 2655 domnus
762 2613 848 2677 papa
874 2588 946 2654 tulit
972 2590 1160 2654 sententiam
1182 2587 1235 2652 de-

117 2675 285 2758 positionis
308 2683 418 2738 contra
438 2675 482 2736 im
507 2682 672 2756 oratorem,
699 2676 832 2761 privans
860 2696 931 2740 eum
960 2675 1106 2759 imperio,
1127 2674 1234 2758 regnis

119 2767 152 2823 et
172 2759 260 2820 omni
280 2756 431 2821 honore³.
475 2695 575 2822 dutus
590 2761 744 2824 sententie
765 2770 857 2825 tenor
870 2760 911 2823 de
926 2758 1024 2825 verbo
1046 2758 1235 2823 adverbum

120 2842 319 2927 conscriptus
347 2849 396 2905 est
420 2842 455 2902 in
475 2840 556 2906 libro
584 2842 718 2907 ecclesie
748 2845 851 2909 sancti
876 2841 1100 2908 Penthaleonis
1128 2842 1235 2908 intitu-

119 2924 184 2989 lato
201 2924 363 3024 ,hystoria
398 2922 616 2990 ecclesiastica
646 2927 789 3008 Eusebii,
826 2930 860 2990 in
894 2928 966 3008 fine,
1003 2928 1036 2989 in
1067 2925 1234 3012 cathalogo

7 3019 8 3060 l
119 3009 307 3094 pontificum
329 3009 556 3089 Romanorum,
571 3010 627 3074 ubi
641 3020 714 3074 acta
728 3011 923 3074 eorumdemt
946 3020 1138 3075 annotantur
1157 3032 1235 3096 pon-

120 3092 253 3158 tificum.
288 3093 351 3156 lna
374 3091 487 3157 eodem
510 3092 644 3157 concilio
667 3096 777 3158 statuit
799 3093 951 3159 domnus¹
972 3115 1058 3179 papa
1079 3095 1235 3180 quasdam

119 3178 341 3258 institutiones,
375 3199 436 3262 que
459 3177 519 3242 sub
541 3176 640 3241 titulis
662 3177 917 3263 competentibus
944 3179 1125 3242 referuntur
1150 3188 1236 3263 post-

120 3261 250 3326 modum
274 3262 391 3326 inserte
413 3282 495 3325 nove
515 3259 722 3326 decretalium
739 3283 811 3325 com
835 3261 955 3325 ilationi
963 3271 986 3325 ⁴.
1069 3262 1149 3326 Post
1163 3283 1235 3325 con-

120 3345 227 3410 cilium
249 3367 335 3433 papa
356 3346 453 3411 mittit
474 3347 609 3411 nuncios
632 3346 771 3410 Minores
800 3284 912 3410 listres
933 3344 975 3409 ad
997 3367 1106 3429 regem
1126 3346 1236 3410 Tarta-

119 3452 227 3495 rorum
256 3441 288 3494 et
308 3430 387 3495 alios
414 3431 549 3495 nuncios
571 3430 612 3494 ad
638 3429 817 3496 sultanum⁵
839 3430 972 3515 Egypti,
1005 3429 1135 3493 hortans
1162 3450 1237 3492 eum

120 3537 179 3602 per
194 3513 360 3600 epistolam
376 3515 418 3579 ad
432 3536 544 3600 pacem
559 3537 633 3579 cum
648 3514 828 3580 christianis
842 3514 1032 3580 habendam.
1107 3512 1236 3577 Modico

120 3658 143 3707 a)
160 3659 306 3708 sequenttum
323 3661 371 3701 02,
432 3659 456 3712 b)
473 3672 498 3701 se
514 3661 564 3700 Μ.
626 3659 647 3711 c)
663 3671 717 3700 vero
734 3661 786 3702 Da.
848 3658 1018 3711 d)oeclderunt
1033 3660 1080 3699 Da.
1143 3657 1165 3708 e)
1182 3669 1237 3708 que·

121 3718 247 3759 talentinus
263 3719 318 3768 1213
335 3719 500 3768 quaerentibus
516 3721 565 3762 Da.
602 3718 622 3771 l)
636 3720 846 3762 ThannulaDt.
888 3717 911 3769 g)
927 3721 983 3758 deest
998 3719 1049 3761 Dl.
1078 3715 1103 3769 h)
1120 3715 1235 3758 ca's'th.

7 3783 9 3808 1
120 3774 138 3828 1)
155 3777 211 3826 imp.
226 3776 291 3817 brevi
307 3779 427 3820 adum.
503 3777 687 3830 murmurem
704 3781 754 3820 Da.
834 3777 852 3830 1)
869 3779 981 3821 nuova,
1069 3775 1236 3830 maecum.

121 3835 146 3886 n)
161 3835 286 3876 Baldevini
303 3838 358 3886 013
381 3839 508 3879 leduvini
523 3839 572 3879 ΒΞ.
648 3837 670 3889 o)
687 3840 825 3880 instetemnt
841 3839 902 3888 apuu
917 3847 1001 3888 papum
1018 3837 1065 3878 Da.
1140 3834 1164 3888 p)
1181 3847 1235 3878 ann.

122 3907 142 3936 e.
159 3905 182 3945 p.
200 3895 249 3934 Da.
310 3893 334 3947 q)
349 3897 438 3937 Eodem
455 3899 480 3938 in
496 3898 546 3937 Μ.
607 3897 627 3949 r)
644 3899 719 3939 dictus
735 3899 783 3938 Da
844 3895 864 3948 s)
882 3897 1003 3937 soldanum
1019 3897 1068 3936 Da.

123 4025 151 4092 1)
170 4027 231 4077 Iam
250 4026 293 4079 dic
313 4029 357 4078 26.
373 4045 406 4079 m.
421 4028 498 4080 Iunii
516 4027 652 4082 concilium
662 4031 841 4099 Isaqdunense
861 4027 988 4081 celebrari
1007 4037 1124 4095 coeptum
1143 4037 1188 4082 est.
1209 4027 1236 4080 0.

122 4099 152 4166 2)
171 4100 292 4153 Reiectus
311 4110 375 4154 sunt
390 4119 482 4168 preces
506 4103 648 4156 Thuddaei
672 4105 701 4156 ia
725 4105 839 4156 aessiorw
863 4105 982 4155 secunda
1006 4102 1163 4167 (28.Iun.),
1189 4103 1236 4154 sed

121 4174 164 4225 ulie
187 4175 306 4239 sequenti
330 4175 455 4247 induciae
482 4194 617 4230 concessae
636 4187 706 4230 sumt.
740 4178 767 4229 0.
842 4174 1237 4243 3)d.17.1ut.‚·Haitturd-

120 4247 202 4298 Brea.
229 4249 274 4311 VI,
292 4267 321 4315 p.
342 4251 405 4301 319.
479 4250 509 4320 4)
531 4250 571 4316 Of.
590 4268 631 4318 cp.
645 4252 793 4304 Innocenta'i
804 4251 824 4301 I
829 4251 857 4300 V.
870 4253 1036 4302 universitati
1053 4252 1237 4314 magistrorum

122 4326 149 4371 et
167 4321 328 4373 scholarium
344 4325 482 4376 Bononiae
503 4328 726 4378 commorantibus
745 4327 871 4377 directam
891 4324 1044 4391 ap.Mansi,
1065 4322 1127 4374 0021.
1147 4321 1236 4375 wecil.

120 4393 232 4459 XXIII,
244 4413 274 4462 p.
295 4397 356 4447 652.
378 4397 405 4450 0.
