3098 4982
164 1176 194 1226 ef.
208 1178 275 1220 Pror.

184 1237 220 1289 ³0,
237 1239 272 1278 1³.

183 1671 226 1711 oo.
239 1671 274 1713 81.

186 2249 243 2291 Neo.
254 2251 274 2292 1,

220 2464 274 2506 ore.

186 2526 243 2566 Nou.
251 2525 274 2565 8.

282 386 335 437 242
400 383 588 437 CHRONIOA
608 383 722 434 asom
742 381 993 435 COLONIENSIS.
1016 379 1119 433 ΟΟΝΤ.
1130 380 1184 431 ΙΙΙ.
1205 382 1237 432 A.
1250 381 1330 432 1217.

670 553 841 606 Recensio
866 553 891 604 I.
912 561 941 604 et
961 552 1002 604 II.

282 643 374 708 lateri
389 644 557 727 adaptans,
572 639 697 724 galeato
711 640 831 704 vertice
845 660 1021 724 parumper
1034 638 1183 721 demisso,
1199 637 1406 724 cornipedem

283 737 377 792 acuto
401 724 522 790 calcare
545 734 721 810 pungensa,
743 723 885 786 ruiturae
907 724 1010 807 gentis
1032 723 1175 787 medium
1197 723 1346 808 prorupit
1372 723 1407 784 in

283 832 413 895 agmen3
437 811 490 874 cui
511 831 577 871 non
590 809 695 870 minor
708 809 779 892 ipso
794 807 939 891 iungitur
953 808 986 869 in
1000 828 1110 892 pugna
1124 804 1239 872 Petrus
1254 807 1407 891 magister

283 893 421 958 miliciae
450 890 592 978 Templi;
615 912 696 978 quos
717 891 869 955 audacter
901 891 1045 976 sequitur
1076 911 1141 955 non
1173 892 1280 976 segnis
1312 889 1407 954 turba

283 1000 422 1043 sucrum.
466 976 530 1040 Hic
553 997 655 1062 equus
678 997 696 1039 o
722 975 852 1060 ponitur
873 977 974 1059 equis,
996 974 1069 1040 hicl>
1091 976 1222 1041 ensibus
1237 975 1332 1056 ensis,
1354 973 1407 1037 hic

283 1060 404 1147 clipeus
439 1059 566 1146 clipeis,
600 1060 651 1121 hic
688 1081 706 1123 o
732 1068 804 1121 ruta
838 1059 962 1123 casside
995 1060 1103 1124 cassis.
1166 1058 1255 1139 Quid
1312 1057 1408 1121 lura?

284 1145 349 1227 Qui
376 1154 518 1210 estante
540 1141 648 1208 secula
674 1142 855 1207 humiliavit
882 1163 945 1224 eos,
973 1165 1109 1230 quorum
1160 1144 1226 1207 rius
1254 1080 1408 1207 sublimes

286 1238 378 1296 erant
404 1227 578 1314 palpebrae
606 1235 637 1290 et
659 1224 832 1312 supercilia
858 1235 973 1293 erecta.
1027 1227 1110 1292 Nam
1137 1165 1204 1290 duc
1239 1249 1331 1312 reges
1362 1226 1408 1290 ibi

284 1313 477 1389 ceciderunt,
500 1309 552 1375 ille
581 1308 703 1375 scilicet
730 1309 769 1374 de
792 1309 945 1375 Corduba
972 1320 1004 1376 et
1028 1310 1082 1376 ille
1111 1310 1151 1374 de
1178 1310 1305 1392 Iehen0,
1337 1332 1408 1395 pre·

285 1408 373 1462 terea
399 1395 474 1542 plus
508 1416 605 1480 quam
637 1396 675 1459 14
702 1393 791 1458 milia
818 1395 1078 1478 Sarracenorum,
1112 1403 1219 1481 preter
1251 1395 1408 1481 captivos,

308 1482 343 1544 ui
365 1482 398 1542 in
422 1480 482 1544 niti
504 1487 603 1543 erant.
646 1479 784 1563 Insuper
805 1479 902 1543 etiam
924 1477 1045 1563 galeae,
1068 1501 1148 1565 quas
1170 1501 1230 1565 per
1251 1501 1339 1543 mare
1353 1477 1408 1542 ad·

286 1503 479 1644 duxerantl,
502 1563 632 1647 fugatae
654 1572 736 1626 sunt.
769 1559 977 1661 Reliquerunt
998 1564 1095 1628 etiam
1117 1564 1151 1626 in
1166 1584 1280 1649 campo
1303 1564 1410 1626 omnia
1469 1597 1473 1602 ·

286 1649 423 1713 tentoria
451 1668 524 1711 cum
550 1655 618 1711 tota
645 1645 857 1732 suppellectih
884 1669 952 1712 sua.
1007 1646 1104 1712 Circa
1123 1647 1240 1712 festum
1268 1648 1408 1711 veroli

286 1730 410 1796 milium
439 1731 603 1816 virginum
631 1752 689 1815 per
714 1730 853 1794 fossores
882 1731 999 1795 cecidit
1028 1730 1128 1796 altera
1156 1732 1263 1796 turris.
1316 1731 1409 1794 Tune

283 1815 414 1881 demum
436 1815 599 1900 perterriti
620 1815 781 1879 infelicese
804 1823 946 1879 castrum
967 1814 1176 1880 reddiderunt
1197 1824 1280 1880 etse
1299 1824 1332 1879 et
1351 1835 1410 1878 sua

282 1902 317 1964 in
339 1921 454 1964 manus
476 1899 723 1963 christianorum
745 1898 910 1980 dederunt,
934 1901 989 1985 qui
1008 1921 1119 1964 omnes
1135 1899 1309 1964 venundati
1325 1907 1409 1962 sunt.

282 1985 440 2049 Inventas
463 1994 536 2048 sunt
558 1984 642 2048 enim
674 1984 708 2046 in
740 1983 801 2047 hoc
834 1997 936 2047 castro
968 1994 1034 2048 tam
1067 1983 1107 2048 de
1133 1985 1211 2048 viris
1239 2004 1336 2069 quam
1365 1982 1406 2046 de

282 2067 470 2134 mulieribus
497 2089 594 2153 quam
621 2066 763 2152 parvulis
796 2088 952 2152 personae
974 2068 1062 2131 circa
1083 2067 1148 2131 duo
1176 2066 1264 2132 milia
1296 2076 1328 2132 et
1353 2068 1405 2131 50.

284 2153 329 2217 Et
349 2151 511 2217 redditum
534 2160 583 2215 est
603 2160 742 2216 castrum
765 2172 806 2214 ex
828 2162 919 2278 parte
941 2153 1184 2237 peregrinorum
1200 2151 1352 2216 fratribus
1367 2151 1409 2215 de

286 2235 413 2302 Gladio.
457 2235 535 2299 Post
553 2235 669 2300 festum
685 2235 827 2299 omnium
864 2246 1046 2300 sanctorum
1068 2257 1145 2300 vero
1164 2237 1332 2300 universus
1354 2257 1408 2300 ex-

285 2323 404 2386 ereitus
420 2319 715 2404 crucesignatorum
732 2341 880 2384 reversus
901 2327 950 2383 est
965 2318 1183 2402 Ulixibcnam‚
1204 2329 1271 2385 tota
1292 2319 1409 2404 hyeme

285 2405 406 2469 ibidem
429 2404 547 2467 bonam
570 2403 691 2467 ducens
713 2403 822 2466 vitam.

370 2495 456 2545 Item¹
478 2493 573 2544 eodem
597 2509 666 2544 anno
684 2493 709 2544 6.
728 2493 817 2543 feriat
840 2498 901 2559 post
927 2498 1024 2544 testum
1048 2497 1164 2546 omnium
1185 2501 1336 2546 sanctorum
1361 2510 1409 2560 pa·

284 2568 402 2620 triarcha
415 2567 661 2618 lherosolimitanus
675 2582 734 2616 cum
749 2582 847 2630 magna
861 2567 1003 2618 devotione
1022 2573 1077 2618 tam
1098 2568 1163 2618 cleri
1188 2563 1290 2634 quarnh
1314 2567 1409 2634 populi

284 2641 382 2693 tollens
396 2639 518 2692 vivificae
534 2642 620 2690 crucis
630 2640 742 2704 lignum,
753 2640 887 2706 profectus
899 2634 953 2690 esti
967 2641 1000 2690 ab
1011 2636 1140 2692 Acarcnk
1152 2643 1179 2690 in
1191 2647 1280 2693 eastra
1289 2642 1409 2704 Domini,

286 2730 356 2780 quae
374 2716 428 2763 iam
448 2718 633 2779 precesserant
652 2713 688 2763 ad
708 2713 903 2764 Recordanam.
932 2714 993 2763 Hoc
1012 2720 1102 2766 autem
1122 2714 1201 2765 dulce
1220 2715 1332 2780 lignum,
1346 2720 1409 2781 post

284 2789 394 2838 Terram
414 2787 541 2837 Sanctam
561 2785 694 2852 perditam
714 2791 867 2836 reverenter
885 2787 1040 2853 repositum,
1055 2787 1202 2853 diligenter
1215 2796 1350 2839 servatum
1367 2793 1409 2838 est

284 2859 424 2926 usquead
451 2859 501 2908 hec
527 2865 658 2926 tempora.
709 2860 860 2910 Inminents
885 2859 1017 2925 siquidem
1048 2862 1173 2912 conflictu
1199 2862 1408 2912 sarracenorum

286 2949 346 2984 cum
373 2932 533 2997 christianis,
561 2933 747 2998 cogitaverunt
771 2933 918 3000 prudenter
944 2933 1081 2984 christiani
1107 2934 1227 2986 dividere
1251 2935 1355 3000 lignum
1379 2935 1409 2984 in

286 3001 371 3056 duas!
389 3012 480 3072 partes
501 3012 528 3056 et
546 3012 650 3072 partem
670 3023 749 3056 unam
770 3006 804 3056 ad
823 3007 936 3073 prelium
959 3006 1072 3070 deferre,
1093 3024 1163 3074 qnae
1181 3008 1283 3058 ibidem
1302 3008 1409 3074 perdita

284 3081 344 3140 fnit,
365 3085 391 3129 et
411 3085 513 3146 partem
533 3079 614 3129 sliam
634 3095 781 3143 reservare,
801 3096 871 3146 quae
890 3096 961 3130 nunc
981 3081 1135 3144 exhibetur;
1157 3083 1201 3132 cui
1213 3098 1261 3132 rex
1271 3083 1408 3146 Ungariae

286 3159 314 3204 et
332 3153 386 3202 dux
404 3153 530 3204 Austriae
551 3153 584 3203 de
602 3152 664 3203 loeo
685 3159 830 3204 castrorum
850 3155 986 3220 progressi
1006 3153 1085 3205 nudis
1099 3155 1214 3221 pedibus
1227 3160 1408 3215 occurrentes,

285 3225 435 3277 deosculati
453 3232 515 3277 sunt
535 3243 603 3288 eam,
630 3242 689 3276 curn
708 3226 757 3276 tali
780 3229 857 3292 signo
878 3227 983 3277 obviam
1009 3234 1102 3279 euntes
1127 3228 1240 3279 soldano
1259 3229 1408 3291 Baunonia,

286 3301 361 3350 cuius
379 3298 450 3350 filius
470 3300 647 3350 Coradinusm
667 3302 816 3350 lactaverat
841 3316 870 3350 se
894 3307 1071 3366 pugnaturum
1098 3317 1158 3351 curn
1183 3303 1341 3365 christianis,
1362 3304 1409 3368 qui

284 3367 415 3424 Acaronk
438 3373 544 3424 fuerant
568 3374 733 3438 congregati.
781 3373 900 3439 Ideoque
931 3373 1060 3424 ordinatis
1092 3375 1203 3426 aciebus
1230 3376 1336 3426 obviam
1366 3374 1409 3424 illi

284 3453 473 3514 processerunt
497 3463 544 3513 per
567 3446 675 3513 planum
699 3447 774 3496 Fabe
799 3462 885 3512 usque
909 3445 943 3495 ad
968 3447 1068 3497 fontem
1088 3449 1219 3511 Tubanie,
1239 3449 1352 3499 multum
1375 3463 1409 3499 eo

287 3520 331 3570 die
359 3519 521 3571 laborantes.
576 3519 717 3570 Promissis
743 3521 824 3570 etiam
854 3519 1074 3586 exploratoribus,
1100 3522 1188 3588 pulvis
1213 3522 1362 3574 ascendens
1391 3538 1408 3571 a

284 3593 365 3659 longe
385 3592 596 3643 adversariorum
617 3599 716 3644 motum
736 3592 888 3656 indicabst;
908 3592 956 3643 sed
972 3595 1068 3644 incerti
1081 3594 1195 3659 fuerunt,
1214 3601 1301 3646 utrum
1316 3600 1409 3645 contra

286 3682 332 3718 eos
352 3665 533 3732 aufugiendo
553 3671 736 3732 properarent.
776 3667 906 3731 Sequenti
924 3681 989 3717 vero
1011 3668 1054 3717 die
1073 3683 1151 3719 secus
1172 3675 1274 3720 montes
1295 3668 1408 3732 Gelbes,

286 3755 353 3806 quos
381 3739 533 3790 habuerunt
560 3739 595 3788 ad
622 3740 757 3789 dexteram
787 3746 815 3789 et
847 3738 973 3806 paludem
998 3740 1034 3790 ad
1059 3741 1208 3806 sinistram,
1235 3741 1409 3802 incedentes,

285 3883 309 3938 a)
326 3897 416 3938 pugens
431 3887 492 3928 codd.
575 3887 599 3939 b)
627 3895 678 3940 post
692 3891 763 3942 suppl.
780 3891 827 3930 Β1.
913 3888 1080 3942 c)1chenot.
1158 3890 1181 3944 d)
1198 3893 1344 3934 adduxerunt
1359 3892 1408 3934 Bl.

286 3943 308 3998 e)
329 3946 436 3986 infideles
452 3946 561 3996 lesendam
584 3959 627 3988 csse
647 3951 739 3993 videtur.
755 3949 780 3991 P.
848 3946 906 3999 00.
923 3960 941 3991 s.
965 3950 990 3989 ta
1015 3951 1112 4000 muratae
1141 3953 1212 4001 suppl.
1235 3953 1407 3999 B1,utr'vero

285 4006 348 4048 deest
413 4002 436 4055 g)
454 4007 475 4046 6.
492 4005 507 4044 t.
523 4005 547 4045 ia
562 4009 659 4058 morpr'rrs
675 4009 721 4048 Β1.
787 4005 812 4059 h)
828 4018 898 4058 quam
913 4009 994 4058 populi
1014 4010 1056 4050 der.
1074 4012 1117 4054 01.
1133 4011 1154 4051 t.
1220 4009 1369 4061 iterator.
1386 4013 1410 4054 2.

286 4061 310 4114 k)
328 4065 434 4104 Aesaron
451 4065 493 4105 01.
512 4063 539 4115 23
556 4066 622 4108 Aeon
640 4067 671 4109 Ol.
732 4066 750 4119 l)
767 4068 792 4106 in
808 4078 831 4117 p.
847 4067 867 4104 Β
933 4066 965 4118 m)
983 4067 1112 4110 Coracinus
1128 4069 1170 4110 01.

288 4214 316 4283 1)
336 4213 412 4266 Haec
437 4215 474 4266 od
497 4215 606 4269 verbum
624 4217 687 4282 fera
706 4235 764 4269 cum
786 4215 896 4270 Olioerii
915 4218 1027 4282 epistola
1046 4218 1194 4271 Coloniensi
1213 4221 1409 4286 archiepiscopo

285 4289 395 4356 εονὶρια,
412 4287 473 4341 coa.
493 4289 584 4356 Grecis„
601 4289 671 4341 aaa.
690 4309 732 4346 ar.
754 4291 803 4340 151
826 4291 873 4358 (cs.
887 4288 1023 4357 Appeod.)
1043 4294 1210 4358 conveniunt,
1230 4293 1409 4360 compluribus

286 4362 387 4415 ombria
407 4371 431 4414 at
445 4362 544 4428 paucis
565 4364 664 4415 additis
684 4363 803 4448 pliande,
823 4372 852 4417 at
869 4365 984 4428 videtur,
1000 4367 1099 4419 sumtis.
1391 4363 1395 4372 ’
