3098 4982
286 398 341 448 810
409 396 587 450 CHRONICI
606 396 770 447 RHYTHM.
791 394 1034 448 COLONIENSIS
1054 394 1286 447 FRAGMENTA.

442 562 517 627 Non
538 562 967 661 011010100110101080010001
991 562 1086 648 capit,
1108 561 1208 624 immo
1230 559 1377 625 relictam

442 646 608 712 Iusticism
652 669 775 730 uerens,
797 657 834 711 ut
854 650 919 712 ruri
942 668 1069 731 semper
1090 644 1258 709 adherens.

405 745 421 795 0
444 730 567 798 Concio
590 752 628 797 co
654 733 661 746 ’
688 735 760 815 'tur,
784 731 899 796 domus
921 741 956 796 et
976 728 1155 795 commlrnis
1177 729 1294 811 aditur,

444 815 590 882 Prudens
611 837 654 880 au
675 818 756 899 itur;
777 814 885 915 lepido
907 836 1053 880 sermone
1073 814 1204 900 potitur,

447 899 544 966 Cives
565 899 753 988 alloquitur3
774 901 891 965 inruria
912 921 990 964 mox
1011 899 1163 984 aperitur.

443 983 604 1071 Displicet
624 985 684 1050 hec
705 986 805 1070 igitur
826 985 967 1066 cunctis;
989 1005 1049 1068 pro
1072 1003 1153 1067 pace
1175 981 1301 1048 subitur

444 1067 622 1133 Consilium
642 1068 716 1150 tale,
738 1068 842 1133 scelus
863 1079 900 1133 ut
920 1076 993 1133 ruat
1013 1064 1159 1146 exiciale,

389 1166 423 1215 10
446 1151 607 1219 Omnibus
629 1151 741 1239 equale
763 1162 873 1252 pateat
893 1153 944 1216 ius
964 1149 1142 1237 imperiale,

444 1237 540 1316 Quod
561 1239 682 1322 pariter
702 1260 775 1323 pun
796 1238 904 1301 iurant
925 1237 1073 1301 assistere
1095 1235 1168 1317 iuri,

443 1321 518 1385 Hoc
540 1320 709 1397 deferisuri,
733 1321 819 1407 quod
842 1322 906 1385 sint
926 1319 978 1386 vel
1000 1318 1041 1383 ob
1063 1319 1098 1383 id
1119 1318 1277 1390 morituri.

443 1406 519 1470 Istis
542 1405 681 1470 confisus
704 1405 851 1491 Sapiens,
872 1407 924 1468 ius
947 1426 1072 1468 sumere
1092 1405 1192 1484 nisus,

445 1489 556 1554 Credit
576 1490 682 1554 inesse
703 1488 801 1554 fidem
822 1487 965 1575 reliquis,
989 1510 1085 1574 quam
1108 1489 1245 1552 sustinet
1265 1486 1363 1552 idem.

390 1587 423 1635 15
446 1572 604 1638 Constans
626 1574 834 1658 prosequitur
855 1575 921 1654 ius;
946 1573 1131 1659 oppositum
1152 1573 1321 1658 reperitur.

443 1657 526 1722 Nam
550 1657 628 1722 dum
648 1657 752 1722 finalis
774 1657 885 1722 aderat
904 1655 962 1721 lux
982 1655 1142 1730 iudicialis

442 1741 492 1807 Ac
514 1741 716 1828 expectanda
735 1741 840 1807 fuerat
861 1743 1018 1807 sententia
1040 1739 1158 1822 danda,

442 1827 520 1890 Pars
541 1849 598 1892 rea
619 1826 726 1891 diffisa
746 1826 787 1892 de
808 1827 878 1891 iure
900 1823 1037 1910 doloque
1058 1825 1173 1906 renisa,

442 1911 552 1974 Armis
573 1912 707 1992 mtrnita,
727 1911 814 1994 latet,
837 1920 869 1976 et
890 1911 1019 1974 racione
1041 1909 1154 1994 sopita,

387 2009 422 2058 20
443 1994 489 2059 Ut
510 2004 603 2059 necet
624 2005 759 2077 actores,
781 1995 913 2080 satagit3
937 2016 996 2080 pro
1018 1995 1088 2057 iure
1109 1993 1232 2057 furores

442 2079 528 2162 Fert,
552 2087 663 2143 contra
683 2101 789 2143 mores
811 2079 944 2164 cupiens
966 2099 1085 2168 augere
1106 2076 1243 2160 dolores,

441 2163 515 2227 Non
536 2162 718 2245 emendare,
740 2163 798 2228 sed
819 2184 920 2249 prava
941 2161 1034 2226 malis
1058 2159 1231 2226 cumulare.

441 2247 576 2312 Nostros
598 2247 735 2312 maiores
757 2270 791 2312 se
813 2246 935 2312 viribus
958 2246 1121 2310 inferiores

443 2331 692 2410 oerniuabesse
707 2331 788 2396 dolis
804 2330 920 2412 studet,
934 2330 997 2394 hiis
1033 2352 1140 2416 uoque
1153 2330 1282 2398 vincere
1297 2328 1376 2395 solis

386 2430 421 2479 25
445 2415 468 2481 S
494 2425 571 2498 erat,
594 2417 621 2479 si
643 2417 743 2502 capiti
765 2415 819 2480 det
840 2425 986 2495 mortem,
1007 2352 1071 2478 1100
1093 2415 1188 2500 periti

477 2521 515 2565 oc
560 2522 639 2565 enus
662 2501 843 2586 opprimere
864 2522 925 2564 nec
946 2499 1098 2564 ulteriora
1119 2500 1240 2563 timere.

443 2583 510 2649 Sed
565 2607 621 2648 eus
643 2582 702 2649 hec
725 2583 817 2648 aliter
839 2583 981 2732 disponit
1002 2592 1034 2648 et
1055 2583 1189 2665 ordinat,
1210 2582 1271 2646 iter

440 2670 504 2732 Per
525 2664 609 2731 mala
631 2667 737 2733 dando
758 2668 862 2750 bonis,
897 2678 981 2733 ortes
1003 2666 1134 2731 ditando
1158 2667 1294 2731 coronis·

483 2785 558 2851 Heu
580 2787 701 2852 scelus!
730 2787 879 2874 exemplo
901 2787 987 2854 mala
1007 2809 1069 2870 res,
1091 2788 1209 2852 iniuria
1230 2786 1352 2874 templo

385 2885 420 2932 30
441 2871 531 2935 Petri
552 2871 598 2952 fit,
622 2871 750 2958 quando
771 2895 851 2958 gens
873 2893 963 2936 arma
984 2894 1099 2957 gerens
1122 2870 1311 2937 stabulando

438 2953 541 3019 lntrat
563 2977 660 3042 equos
681 2955 741 3021 ede
764 2977 869 3039 sacra;
893 2957 1036 3042 patracic
1060 2956 1137 3020 cede

439 3038 493 3102 Ex
514 3037 576 3104 hoc
598 3041 754 3127 procedit,
777 3041 883 3105 anime
905 3062 968 3127 quo
991 3041 1058 3105 vita
1079 3039 1206 3105 resedit.

440 3122 517 3187 Heu
531 3122 652 3189 scelus!
675 3123 728 3188 hic
767 3127 834 3189 acis
852 3123 943 3190 locus
959 3135 1007 3189 est
1022 3123 1177 3209 spelunca
1190 3125 1327 3210 rapacis,

438 3207 528 3272 Dum
542 3207 716 3272 furibunda
730 3147 864 3274 oliorum
878 3208 970 3295 plebs
985 3209 1096 3308 implet
1112 3210 1350 3274 canonicorum.

384 3305 418 3354 35
441 3292 495 3356 Fit
517 3293 604 3356 circa
623 3303 756 3378 regum²
778 3293 906 3358 tumbas
928 3292 1087 3358 viclacro¹¹
1107 3292 1225 3378 legum,

440 3376 504 3440 Pro
525 3376 610 3441 votis
632 3377 729 3441 castis
751 3377 894 3442 effractio
916 3376 979 3441 lam
1004 3377 1073 3441 adis
1095 3378 1204 3442 hastis.

438 3459 513 3524 Heu
534 3460 653 3525 scelus!
676 3461 711 3524 in
732 3461 801 3525 iure
822 3461 859 3526 fit
880 3462 959 3525 iuris
979 3399 1068 3542 10010,
1092 3459 1170 3526 dure

438 3542 563 3608 Instant
584 3567 743 3630 pressure,
765 3545 843 3610 dum
863 3545 918 3610 lex
938 3569 1004 3610 non
1025 3556 1073 3611 est
1095 3543 1157 3609 sibi
1180 3567 1271 3629 cure3

438 3626 495 3692 Ius
515 3627 571 3694 ubi
591 3631 651 3693 rite
673 3629 776 3712 datur,
799 3631 1010 3715 transgressio
1035 3629 1286 3716 predominatur,

383 3725 419 3774 40
441 3710 486 3775 Et
507 3733 573 3797 pax
594 3714 751 3797 turbatur,
775 3715 858 3813 [nec]
880 3715 931 3778 ius
954 3716 987 3778 in
1008 3736 1089 3800 pace
1111 3723 1253 3800 paratur,

372 3827 376 3836 ¹
441 3793 506 3860 Sed
528 3800 729 3882 premunitus
752 3794 899 3863 discessit
919 3800 989 3864 iure
1011 3799 1133 3884 peritus

440 4010 606 4033 ......
630 3964 813 4055 [Hlenricus
834 3964 881 4029 ibi
902 3967 998 4032 frater
1020 3989 1076 4032 000
1097 3966 1310 4033 Ludewicus8

440 4096 637 4119 .......
662 4061 748 4115 ctore
772 4060 908 4136 cognato
930 4053 1028 4116 iurisb
1052 4062 1085 4117 et
1105 4049 1182 4116 hore

292 4207 317 4260 ι)
332 4219 344 4249 c
358 4220 415 4252 corr.
432 4221 450 4252 c.
512 4210 536 4263 b)
552 4213 585 4252 uei
600 4213 668 4252 ruris.

294 4327 322 4390 1)
340 4327 383 4380 De
411 4327 569 4381 Theoderico
599 4329 727 4396 Sapieutc
755 4348 839 4384 serino
869 4350 924 4386 0000
952 4333 1067 4386 violetur.
1145 4336 1174 4402 2)
1199 4334 1289 4386 ilium
1321 4352 1421 4403 repam

292 4397 428 4453 Coloniam
447 4403 648 4456 translatorum.
723 4407 753 4472 3)
764 4404 830 4456 Filii
848 4415 878 4457 ut
890 4407 1017 4460 uidentur
1029 4409 1186 4462 Hermauui
1202 4407 1346 4476 Sapientis.
1377 4410 1421 4464 1).
