3098 4982
277 412 329 462 246
392 410 581 463 CHRONIOA
600 410 713 462 uncis
733 408 984 462 COLONIENSIS.
1006 407 1107 459 CONT.
1117 409 1169 459 111.
1190 407 1315 460 s.1218.

676 583 845 636 Berensis
865 581 890 634 L
909 591 939 636 et
958 582 1000 635 11.

159 667 214 718 sup.
229 659 540 726 u.propugnaculs
554 662 693 724 etpons.
707 657 781 708 Hoc
794 672 875 723 opus
888 659 921 707 in
938 657 993 707 die
1012 657 1397 708 sanctiBartholomei¹

274 735 364 785 turri
383 734 580 799 appositum
606 737 672 794 est,
693 732 903 782 sarracenis
928 730 1089 781 viriliter
1110 732 1143 780 in
1170 730 1288 780 eadem
1308 730 1397 780 turri

275 800 334 858 seb
355 805 646 867 defendentibus,
666 804 764 855 modo
783 805 948 869 sagittis,
969 803 1064 854 modo
1084 803 1282 868 lapidibus,
1297 803 1395 855 modo

273 880 417 930 lanceis
437 883 470 928 et
491 880 635 929 maxime
657 879 859 944 perignem.
889 876 1182 927 Attamendivina
1204 877 1397 927 ciemeutia

274 952 495 1004 orationibus
516 958 549 1002 et
573 951 727 1001 lacrimis
753 965 941 1016 pauperum
962 949 1119 1015 placata,
1141 952 1319 1001 extinctus
1345 958 1397 1001 est

273 1028 366 1091 ignis
384 1027 419 1076 in
437 1030 559 1092 ponte,
587 1030 619 1075 et
643 1026 763 1074 turrim
790 1023 983 1073 christiani
1007 1024 1176 1073 audacter
1200 1025 1338 1074 intrant
1363 1028 1397 1073 et

275 1100 428 1165 capiunt,
450 1100 550 1149 etsie
571 1097 710 1163 quidam
731 1097 1304 1155 exSarracenissuntinterfecti,
1325 1097 1396 1161 qni·

275 1173 406 1223 damin
430 1172 509 1222 Nilo
532 1172 712 1232 submersi,
737 1170 875 1235 quidam
903 1171 995 1220 sein
1021 1185 1142 1235 aquam
1168 1171 1393 1236 proicientes

275 1250 477 1307 evaserunt,
499 1249 531 1294 et
549 1244 626 1310 plus
646 1259 747 1309 quam
768 1249 900 1293 centurn
921 1244 1017 1309 capti
1037 1248 1122 1293 sunt.

359 1311 484 1375 Eodem
505 1331 589 1374 anno
606 1308 682 1374 Otto
697 1311 872 1395 imperator
893 1309 958 1372 iam
980 1331 1038 1395 per
1058 1330 1159 1372 annos
1175 1319 1247 1373 octo
1261 1308 1393 1373 vinculo

275 1395 616 1460 excommunicationis
630 1417 650 1458 a
661 1393 788 1459 duobus
800 1391 984 1478 apostolicis
998 1392 1179 1473 innodatus,
1195 1415 1269 1456 cum
1284 1394 1393 1479 sepius

273 1478 445 1543 honoratos
467 1478 553 1542 viros
575 1500 633 1563 pro
655 1476 846 1563 inpetranda
866 1477 962 1541 venia
983 1477 1142 1541 Romam⁰
1163 1477 1312 1558 mitteret,
1336 1477 1393 1542 sed

157 1585 212 1638 sps.
227 1587 264 1628 rs.
274 1573 382 1628 tamen
410 1572 495 1626 stare
526 1562 679 1626 mandato
711 1583 822 1625 eorum
854 1582 919 1624 non
947 1561 1138 1644 admitteret,
1195 1570 1245 1625 ost
1274 1561 1395 1646 paseha

274 1646 364 1713 febre
386 1647 567 1744 corripitur.
610 1644 738 1709 Deinde
751 1646 993 1730 ingravescente
1009 1645 1131 1726 morbo,
1154 1583 1210 1709 ubi
1225 1646 1287 1711 sibi
1309 1645 1394 1710 diem

274 1732 386 1796 mortis
407 1731 563 1794 inminere
591 1729 752 1816 cognovit,
780 1729 969 1815 episcopum
999 1728 1038 1793 de
1060 1727 1333 1794 Hildensheimd·¹
1362 1738 1395 1794 et

275 1815 354 1879 alios
375 1813 542 1900 religiosos
564 1822 596 1878 et
616 1815 776 1899 sapientes
804 1815 900 1896 viros,
931 1811 1054 1877 scilicet
1082 1812 1216 1878 abbates
1238 1822 1270 1879 et
1291 1834 1395 1876 sacer-

277 1899 377 1977 dotes,
401 1906 567 1980 convocat,
594 1906 626 1963 et
648 1919 723 1961 cum
744 1898 868 1983 gemitu
889 1905 920 1961 et
941 1895 1091 1978 lacrimis,
1114 1896 1192 1983 quid
1214 1898 1276 1963 sibi
1297 1920 1394 1982 agen-

275 1983 353 2047 dum
381 1983 478 2064 foret,
500 1981 552 2048 vel
584 1981 721 2068 qualiter
749 2004 770 2046 a
797 1980 883 2045 nodo
906 1981 1237 2045 exconmunicationis
1271 1980 1395 2046 absolvi
1432 2059 1434 2062 Α

275 2076 393 2153 posset,
416 2066 562 2131 consulit.
605 2065 819 2151 Aequorum
847 2064 1013 2129 consilium
1041 2086 1116 2129 curn
1147 2065 1297 2129 mandato
1319 2087 1396 2150 apo-

276 2151 382 2216 stolici
404 2160 487 2216 stare
508 2151 654 2232 iurasset,
684 2151 725 2214 ab
749 2151 901 2236 episcopo
931 2146 1117 2213 absolvitur.
1160 2148 1288 2213 Deinde
1311 2150 1395 2214 ordi-

275 2245 351 2300 nato
373 2243 563 2300 testamento
586 2256 644 2298 suo
672 2233 821 2319 factaque
849 2233 1058 2315 confessione,
1086 2255 1160 2296 cum
1187 2235 1396 2319 perceptione

277 2330 407 2384 sanctae
429 2319 663 2383 communionis
686 2327 717 2381 et
739 2339 848 2382 sacrae
870 2319 1041 2397 unctionis,
1057 2339 1131 2382 cum
1146 2339 1199 2380 ma
1223 2339 1264 2380 na
1279 2319 1396 2382 contri-

164 2405 362 2469 marritione
396 2403 511 2484 cordis,
548 2404 580 2465 in
610 2412 714 2466 castro
747 2401 834 2488 quod
866 2400 984 2465 dicitur
1012 2401 1182 2486 Harzberg
1200 2340 1287 2465 gIdus
1310 2402 1396 2465 Mais

277 2489 420 2552 moritur.
476 2485 603 2572 Corpus
638 2484 858 2548 Bruniswiche
891 2484 1081 2550 translatum
1113 2496 1146 2550 et
1174 2484 1397 2571 imperialibus

277 2571 472 2636 indumentis
501 2581 533 2634 et
563 2570 756 2634 ornamentis
781 2568 940 2651 indutum,
971 2571 1063 2634 iuxta
1090 2577 1215 2715 patrem
1244 2592 1337 2634 suum
1365 2578 1398 2634 et

278 2667 413 2720 matrem
434 2655 543 2717 suarnf
564 2655 599 2716 in
621 2653 756 2718 ecclesia
778 2654 879 2717 sancti
902 2653 1003 2718 Blasii
1018 2676 1095 2740 sepe
1107 2654 1180 2718 itur.

212 2739 266 2780 0³⁶⁹·
363 2745 469 2796 Posset
489 2749 596 2810 captam
616 2743 750 2810 siquidem
775 2746 867 2794 turrim
886 2746 915 2794 in
934 2745 1065 2811 profundo
1091 2744 1147 2795 Nili
1171 2745 1289 2796 fluminis
1317 2745 1398 2796 sitam

278 2817 450 2883 Saphadinus
469 2819 634 2868 inveteratus
656 2817 766 2877 dierum,
787 2817 916 2868 malorum
937 2818 1038 2878 dolore,
1063 2819 1132 2869 sicut
1152 2819 1289 2881 asseritur,
1314 2819 1397 2868 nimio

276 2897 374 2953 tactus,
401 2891 577 2941 exheredator
602 2891 757 2942 fratruelum
787 2885 914 2943 suorumf
933 2896 960 2940 et
983 2897 1125 2957 usurpator
1143 2906 1285 2956 regnorum
1305 2892 1397 2954 Asiae,

183 2972 228 3012 ore.
245 2972 265 3012 9.
277 2969 395 3015 mortuus
415 2969 455 3014 est
475 2971 502 3014 et
521 2963 640 3030 sepultus
659 2968 687 3014 in
699 2965 814 3015 inferno.
852 2965 1024 3015 Postmodum
1039 2967 1068 3014 in
1085 2965 1152 3015 festo
1172 2966 1258 3015 sancti
1272 2965 1399 3030 Dyonisii

278 3038 421 3089 Sarraceni
441 3053 501 3087 cum
521 3038 637 3102 galeidis
660 3041 770 3089 armatis
788 3039 919 3103 inprovisi
935 3039 1074 3088 venientes
1097 3043 1124 3088 et
1143 3039 1276 3103 principia
1296 3043 1398 3088 castro·

277 3126 344 3174 rum,
370 3110 416 3160 ubi
434 3113 549 3161 Romani
575 3107 713 3162 tentoriall
732 3111 854 3175 fixerant,
870 3112 1037 3176 invadentes,
1064 3112 1171 3161 modica
1192 3112 1398 3162 christianorum

277 3200 359 3234 manu
382 3183 483 3250 repulsi
507 3188 578 3246 sunt,
603 3190 771 3237 recurrentes
797 3186 920 3236 celeriter
939 3185 973 3234 ad
994 3185 1131 3250 galeidas3
1153 3191 1181 3236 et
1205 3186 1251 3250 qui
1276 3179 1398 3250 gladiosi

277 3259 496 3324 persequentium
523 3257 640 3322 effugere
670 3263 807 3324 poterant,
839 3260 868 3308 in
894 3258 956 3308 Nilo
983 3259 1115 3309 submersi
1144 3264 1206 3310 sunt
1232 3259 1338 3310 circiter
1361 3258 1398 3308 ad

170 3343 214 3386 oa,
232 3330 353 3384 ramilis
384 3332 592 3397 quingentorum
618 3347 765 3383 numerum.
809 3332 881 3382 Sane
909 3333 937 3380 in
964 3332 1034 3383 festo
1063 3334 1151 3382 sancti
1176 3333 1318 3393 Demetrii,
1350 3333 1398 3397 qui

278 3405 398 3455 uterinus
425 3400 529 3454 fraterk
559 3404 710 3455 eiusdem
739 3405 866 3468 Dyonisii
893 3405 975 3454 fuisse
1008 3405 1116 3468 dicitur,
1144 3421 1248 3456 summo
1278 3405 1397 3456 diluculo

277 3473 507 3544 Templariorum¹
536 3483 624 3528 castra
649 3479 804 3528 invaserunt
832 3478 939 3541 hostes,
971 3482 998 3527 et
1023 3477 1159 3529 modicum
1185 3477 1331 3544 dampnum
1358 3479 1397 3529 eis

278 3551 432 3616 inferentes,
451 3567 500 3618 per
520 3551 659 3617 expeditos
679 3552 784 3616 equites
803 3551 890 3615 fugati
903 3555 965 3600 sunt
978 3550 1013 3600 ad
1027 3557 1144 3617 pontem,
1165 3557 1191 3601 et
1210 3551 1398 3602 adnumerum

160 3639 262 3683 Novae.
279 3628 485 3692 quingentorum
509 3625 611 3675 ibidem
637 3625 799 3690 interempti.
845 3624 974 3675 Postea
998 3625 1027 3674 in
1046 3623 1141 3689 vigilia
1165 3626 1253 3675 saneti
1271 3624 1398 3675 Andreae

278 3699 382 3749 multa
400 3697 617 3749 incommoda
638 3702 670 3747 et
689 3696 837 3747 adversa
865 3699 1024 3763 perpessi
1043 3703 1123 3748 sunt
1142 3697 1280 3748 fideles.
1318 3699 1398 3748 Nam

277 3772 368 3822 media
384 3777 464 3822 nocte
484 3773 665 3821 intumuerunt
677 3771 773 3820 flnctus
788 3771 876 3833 maris,
893 3775 1043 3821 crescentes
1058 3777 1085 3820 et
1097 3787 1236 3821 excursum
1250 3771 1398 3822 terribilem

277 3846 409 3896 iacientes
441 3859 526 3910 usque
556 3843 592 3893 ad
621 3849 709 3894 castra
738 3859 838 3894 eorum.
885 3844 927 3894 Ab
953 3844 1008 3894 alia
1036 3849 1111 3910 parte
1142 3845 1238 3894 fluvius
1264 3843 1398 3894 inundans

278 3967 301 4019 a)
317 3971 406 4010 Bartol.
422 3970 469 4012 Bl.
500 3967 589 4020 bldeeet
606 3971 649 4010 02.
681 3969 702 4022 c)
711 3969 808 4010 Romam
823 3983 851 4012 m.
866 3972 961 4010 emunda
976 3970 1072 4013 slim.
1084 3975 1136 4020 post
1151 3973 1222 4021 sappi.
1238 3973 1284 4012 Bl.
1317 3969 1341 4023 d)
1350 3972 1400 4011 Hil-

277 4029 393 4068 densseim
410 4031 454 4070 01.
485 4030 507 4084 e)
523 4029 659 4069 Brnnswich
676 4031 720 4070 01.
738 4031 758 4072 1,
789 4029 807 4081 t)
821 4031 876 4070 deest
892 4031 942 4071 Bl.
960 4028 1009 4071 011
1040 4028 1062 4080 g)
1079 4036 1272 4080 praesequantur
1287 4041 1355 4080 usque
1370 4031 1400 4070 ad

277 4099 299 4127 c.
311 4087 367 4127 1220
376 4088 478 4128 initulis
494 4092 615 4128 atramento
630 4089 724 4140 aliaque,
740 4095 764 4128 nt
779 4090 870 4140 videtur,
887 4100 954 4129 mona
969 4090 1091 4139 comoripta
1106 4094 1157 4129 sant
1166 4090 1213 4129 Bl.
1244 4089 1269 4141 b)
1282 4094 1320 4130 ten
1334 4090 1338 4142 Ι
1351 4093 1401 4131 ten-

276 4147 338 4186 toria
353 4147 400 4188 131.
457 4145 475 4198 i)
492 4147 596 4195 galeidas
613 4149 655 4188 02.
716 4148 740 4199 k)
755 4150 810 4188 deest
827 4150 869 4188 01.
884 4149 904 4189 2.
963 4146 981 4196 l)
998 4149 1181 4198 Hospitaliornm
1197 4150 1243 4190 eod.
1261 4149 1332 4199 011ιυὶ

279 4277 308 4344 1)
323 4276 490 4344 Sipffridam.
528 4277 557 4346 2)
570 4278 663 4330 Potius
674 4280 733 4332 Mai
745 4283 787 4345 19,
798 4287 828 4332 nt
841 4281 914 4332 Ocni.
924 4279 966 4330 ΙΙ.
977 4277 1088 4332 indicat.
1126 4279 1156 4345 3)
1168 4281 1244 4343 Quae
1253 4290 1401 4348 sequantur

278 4367 311 4402 ec
325 4352 410 4403 altera
427 4351 525 4406 Oliocri
538 4353 664 4418 epistola,
686 4371 732 4420 ap.
753 4354 891 4407 Gelonium
904 4370 936 4418 p.
948 4354 1010 4404 329.
1031 4353 1112 4417 edito,
1132 4363 1219 4404 sumta
1238 4363 1299 4406 eunt
1317 4371 1401 4420 aeque

277 4439 311 4476 ea
330 4423 442 4478 historia
461 4426 518 4478 cod.
539 4425 629 4493 Guelf.
650 4443 682 4478 est
705 4429 766 4492 aisa
779 4428 875 4493 petito,
895 4443 975 4493 quom
999 4427 1029 4476 in
1056 4423 1209 4492 Appendice
1240 4428 1400 4480 cohibemus.
