2988 5058
235 390 285 442 EX
303 391 396 443 HIST.
416 391 698 443 EXPEDITIONUM
717 391 757 442 IN
776 391 924 443 TERRAM
944 391 1121 445 SANOTAM.
1189 394 1242 444 ³43

123 557 250 644 sibique
272 559 485 623 communiter
513 557 699 624 diviserunt.
745 559 885 639 Quidam
912 568 1020 624 tamen
1041 580 1153 625 eorum
1174 557 1319 646 pul-rari.

124 641 284 708 oritudine
305 643 352 707 rei
373 650 465 728 rapta
486 643 649 725 seductus,
679 641 860 709 obedientie
882 645 952 708 iura
973 652 1151 709 temerare·
1171 665 1242 729 pre-

124 726 277 812 sumpsit;
297 727 353 812 qui
368 726 445 791 dum
457 727 568 791 cibum
590 748 705 812 capere
720 726 895 810 debuisset,
918 728 960 792 ad
974 729 1111 813 primam
1134 730 1242 793 statim

123 809 283 876 bucellam
305 832 388 895 pene
410 810 597 894 suffocatus,
619 809 799 897 perieulum
822 834 881 898 per
895 812 1127 877 confessionem
1149 811 1242 877 mise·

123 904 214 960 rante
227 894 300 959 Deo
322 897 433 977 evasit,
455 904 487 959 et
508 905 581 979 post
601 895 661 960 hec
683 895 809 960 sublata
830 894 967 962 fideliter
987 896 1133 961 restituit.
1166 896 1244 961 Post

122 978 238 1044 festum
262 978 415 1044 Omnium
436 989 618 1044 sanctorum
641 980 807 1043 universus
829 981 991 1045 exercitus
1013 981 1243 1063 cristianorum,
1252 1003 1308 1044 roo.
1321 1004 1343 1044 1.

123 1083 197 1128 cum
217 1061 434 1128 reddidissent
455 1073 597 1127 castrum
619 1062 771 1127 fratribus
794 1063 834 1128 de
860 1063 987 1146 Gladio,
1015 1086 1162 1130 reversus
1194 1073 1244 1128 est

123 1145 344 1229 Ulixibonam,
360 1147 416 1212 ubi
437 1145 610 1212 torcularia
624 1145 718 1211 bonis
734 1149 905 1214 omnibusl
921 1147 1144 1214 redundabant
1153 1160 1175 1215 ⁰.
1198 1147 1243 1212 Et

122 1253 198 1296 ecce
219 1231 410 1296 miraculum
432 1253 560 1317 semper
573 1229 822 1296 advertendum!
847 1231 980 1317 Singula
995 1233 1079 1297 enim
1095 1233 1242 1318 regiones

122 1324 156 1380 et
175 1314 248 1380 loca
276 1316 402 1402 copiam
431 1316 609 1402 peregrinis
636 1315 812 1401 prebebant
842 1315 994 1395 omnium,
1029 1316 1085 1381 sed
1113 1317 1148 1380 in
1175 1314 1242 1380 sola

120 1399 296 1464 eorundem
323 1400 428 1485 patris
456 1410 529 1487 post
557 1421 651 1463 suum
678 1399 855 1465 discessum
884 1401 1021 1486 penuria
1051 1409 1099 1464 est
1132 1399 1242 1465 subsa-

122 1494 207 1548 outa.
259 1482 450 1568 Specialiter
481 1493 588 1549 autern
621 1483 710 1548 Deus
744 1482 867 1549 clericis
896 1482 1046 1569 providit.
1095 1482 1179 1548 Nam
1209 1484 1242 1548 in

122 1567 300 1633 Ulixibona
323 1567 507 1654 theologum
529 1568 796 1632 litteratissimum
816 1569 1013 1652 invenimus,
1042 1568 1098 1668 qui
1125 1566 1242 1634 relictis

121 1649 345 1736 temporalium
367 1653 450 1716 curis
473 1651 532 1716 soli
554 1651 816 1737 contemplationi
845 1652 1018 1718 studiosius
1047 1652 1241 1733 mtendebat,

122 1757 180 1820 per
211 1735 302 1799 cuius
335 1733 513 1800 doctrinam
544 1737 579 1799 in
608 1733 776 1800 dulcedine
809 1757 899 1800 sacra
928 1739 1047 1821 pagine
1075 1735 1242 1801 refocillati

122 1840 244 1882 sumus.

172 1976 203 2068 fl.
239 1975 298 2039 De
320 1973 668 2060 expedicionibus
690 1976 731 2039 in
753 1975 874 2039 Terra
897 1975 1045 2042 Sancte
1066 1976 1200 2041 factis.

208 2093 309 2160 Cum¹
347 2096 456 2182 itaque
488 2095 575 2160 aud
606 2092 816 2160 Ulixibonam
852 2118 911 2182 per
946 2096 1060 2161 hiemis
1096 2097 1242 2182 spacium

121 2179 332 2264 quiescerent,
369 2117 553 2265 patriarcba
581 2177 875 2244 Iherosolimitanus
907 2202 980 2243 cum
1019 2181 1242 2266 copiosissima

121 2262 325 2328 multitudine
371 2264 600 2349 eregrinorum,
623 2264 678 2349 qui
699 2285 758 2348 per
778 2273 879 2328 terras
900 2275 1063 2346 venerant,
1086 2265 1119 2328 in
1142 2275 1242 2330 trans-

122 2348 255 2412 marinis
267 2287 412 2433 partibus
434 2347 599 2433 vigilabat.
642 2348 738 2412 Foria
759 2370 897 2433 namque
921 2357 1012 2412 sexta
1032 2359 1105 2433 post
1126 2348 1242 2413 festum
1252 2362 1339 2409 noua

122 2429 277 2497 Omnium
293 2443 474 2498 sanctorum
497 2433 582 2497 idem
605 2430 788 2518 patriarcha
810 2453 884 2495 cum
906 2431 993 2517 ligno
1016 2433 1120 2496 crucis
1143 2432 1243 2496 domi-

123 2517 196 2581 nice
228 2526 356 2582 secutus
391 2528 439 2582 est
468 2518 663 2598 exercitum,
718 2517 751 2580 ui
784 2525 981 2601 precesserat
1012 2515 1242 2581 Recordanam.

124 2599 197 2663 Hoc
218 2611 326 2665 autem
347 2600 470 2688 lignum
492 2601 586 2667 dulce
608 2609 682 2686 post
733 2622 803 2665 erre
819 2600 936 2666 Sancte
958 2601 1162 2664 amissionem
1184 2621 1244 2686 per

123 2704 238 2748 manus
260 2685 482 2750 cristianorum
504 2693 553 2749 est
572 2695 744 2768 servatum,
759 2685 815 2750 sed
831 2685 1016 2751 imminente
1031 2684 1115 2749 bello
1131 2695 1242 2749 contra

124 2765 320 2832 Sarracenos
342 2790 419 2833 sano
442 2768 575 2833 oonsilio
607 2769 745 2834 divisum
776 2777 824 2834 est
850 2769 891 2834 ob
920 2768 1003 2834 hanc
1034 2790 1173 2852 causam,
1207 2777 1243 2833 ut

123 2873 199 2936 pars
221 2873 285 2916 una
306 2851 482 2916 deferretur
503 2853 544 2917 ad
566 2852 714 2938 prelium,
744 2852 801 2918 ubi
828 2862 959 2939 propter
981 2853 1146 2918 hominum
1168 2875 1243 2938 pec·

123 2944 197 2999 cata
218 2935 344 3022 perdita
365 2946 423 3000 est.
466 2935 602 3020 Reliqua
622 2959 698 3001 vero
726 2958 801 3021 pars
823 2960 925 3023 usque
952 2937 994 3002 ad
1016 2938 1075 3002 hec
1097 2949 1243 3022 tempora

123 3018 309 3104 diligentius
336 3029 385 3084 est
414 3019 588 3102 custodita3
619 3021 671 3084 oui
699 3043 758 3084 rex
784 3020 927 3106 Ungarie
956 3029 988 3084 et
1016 3020 1085 3085 dux
1113 3019 1242 3086 Austris

124 3103 220 3167 nudis
252 3103 389 3189 pedibus
426 3113 638 3185 occurrentes,
676 3101 810 3168 osculati
847 3113 930 3186 sunt,
967 3105 1094 3170 obviam
1131 3113 1242 3169 euntes

124 3185 258 3252 soldano
287 3186 477 3272 Babylonia.
510 3189 600 3251 cuius
633 3186 717 3251 filius
745 3185 925 3252 Ooradinus
958 3195 1175 3272 pugnaturum
1209 3209 1243 3252 se

124 3282 236 3337 contra
271 3272 438 3336 cristianos
474 3273 660 3336 iactaverat.
711 3271 884 3335 Venientes
920 3271 965 3336 ita
988 3293 1029 3334 ue
1065 3270 1166 3334 nostri
1201 3270 1243 3334 ad

122 3356 228 3421 fontes
243 3355 402 3438 Tubanie,
424 3357 589 3441 premissis
605 3353 861 3440 exploratoribus
877 3355 969 3439 signa
1007 3352 1111 3418 ostilia
1127 3375 1244 3438 cogno·

122 3452 238 3506 verunt
246 3442 271 3502 ⁶.
308 3441 473 3526 -Sequenti
495 3461 571 3505 vero
595 3439 646 3504 die
668 3461 768 3539 prope
788 3448 913 3503 montes
930 3437 1045 3503 Gilboe
1067 3437 1242 3519 venientes,

124 3524 337 3589 Bethsanam⁶
358 3532 592 3609 processerunt,
621 3524 678 3590 ubr
700 3534 804 3588 castra
830 3523 947 3588 fixerat
968 3521 1182 3602 adversarius,
1211 3530 1244 3586 et

124 3606 177 3672 ille
208 3609 305 3672 trium
336 3629 449 3694 regum
507 3608 685 3673 resenciam
718 3607 861 3693 fugiens,
898 3617 1015 3671 terram
1051 3604 1241 3671 vastandam

123 3692 253 3778 reliquit
280 3692 448 3757 cristianis.
484 3630 585 3757 1llnde
607 3692 670 3756 Dei
698 3690 837 3778 populus
856 3690 1036 3772 Iordanem,
1065 3691 1121 3776 qui
1142 3711 1242 3775 prope

125 3787 183 3856 est,
216 3777 373 3840 transiens
405 3777 440 3840 in
470 3775 580 3862 vigilia
606 3775 745 3857 Martini,
779 3778 811 3841 in
841 3776 911 3861 ipso
946 3773 1080 3860 pacifice
1107 3795 1243 3873 corpora
1253 3786 1307 3832 Nor.
1319 3789 1355 3829 10·

124 3858 212 3924 lavit.
251 3860 379 3924 Deinde
395 3882 489 3925 secus
511 3882 598 3925 mare
614 3859 747 3945 Galylee
765 3859 965 3946 peragrando
985 3857 1057 3923 loca
1077 3858 1242 3945 inquibus

124 4009 150 4063 a)
165 4011 319 4052 temerariae.
417 4009 441 4061 b)
458 4011 537 4050 omnta
552 4020 593 4048 aar.
608 4010 645 4049 scd
653 4022 708 4050 ruoz
722 4021 779 4052 corr.
797 4010 904 4050 omnibus
919 4019 937 4050 e.
1028 4005 1050 4058 c)
1066 4007 1210 4048 redundabat
1224 4019 1243 4049 e.

125 4068 150 4122 d)
166 4065 319 4119 cognoueruit
331 4081 350 4110 a.
409 4069 432 4122 e)
447 4069 502 4118 nae.-
515 4069 673 4111 Bethsaidam.

126 4186 155 4255 1)
180 4188 257 4239 Haec
281 4186 395 4240 manime
424 4205 483 4239 cnm
510 4185 609 4240 Olinen'
634 4187 761 4239 relatione
787 4194 868 4239 anteo
890 4184 963 4237 edita
991 4182 1165 4247 conveniunt,
1195 4181 1241 4233 sed

123 4261 256 4312 nonnullo
275 4261 388 4326 addunt,
408 4261 464 4313 olio
484 4262 562 4312 aliter
580 4259 739 4326 caprimum,
758 4276 955 4325 nonnumquam
975 4258 1012 4309 od
1026 4257 1143 4310 nardum
1162 4253 1241 4307 bisto-

123 4333 194 4386 m'om
211 4343 303 4400 postea
323 4335 421 4387 editam
441 4335 568 4399 (Eooard,
588 4333 665 4400 Oorp.
685 4334 745 4385 bist.
764 4333 789 4399 Ι,
808 4351 839 4400 p.
861 4334 953 4397 139⁷.)
974 4331 1109 4384 comdant.
1153 4328 1242 4380 Tertio

122 4407 242 4459 academ
260 4407 395 4474 scriptoris
413 4407 535 4460 namatio
556 4406 676 4459 adbibita
695 4425 750 4460 ease
768 4406 883 4460 uidetur.
