2988 5058
295 379 349 431 ³58
508 378 662 431 ΜΔΒΤΙΝΙ
682 377 931 432 CONTINUATIO
952 377 1206 431 COLONIENSIS.

296 547 546 628 considerantes,
572 546 704 610 nonita
726 567 796 610 esse
818 543 1002 610 credebant.
1046 544 1112 610 Sed
1141 547 1292 612 civitates
1329 567 1447 632 regno

295 634 466 697 attinentes
495 631 625 694 omnino
658 629 757 694 fidem
783 627 936 694 adhibere
963 626 1115 693 volebant
1143 639 1278 717 propter
1306 631 1446 696 nimias

296 716 498 797 exacciones,
529 714 647 801 quibus
676 735 696 777 a
723 736 800 800 rege
821 713 1083 798 angariabantur,
1113 736 1251 799 quorum
1275 715 1329 780 fre
1358 737 1446 780 uen-

295 801 382 865 tibus
412 799 539 864 nunciis
564 795 730 865 Wecslare
766 799 913 879 accessit,
948 807 985 862 ut
1044 820 1079 862 er
1114 819 1225 863 eorum
1262 822 1284 864 a
1342 800 1444 862 'ium

296 885 442 949 civitates
463 881 629 948 ulteriores
651 883 831 1029 attingeret.
876 881 972 964 Quod
993 820 1050 946 uli
1072 904 1131 945 rex
1153 882 1317 948 Rudolfus
1346 905 1443 948 com·

320 969 388 1050 erit,
412 989 486 1032 cum
499 966 660 1052 Sigefrido
675 986 730 1030 arc

754 966 919 1052 iepisoopo
935 964 1129 1050 Coloniensi,
1152 989 1227 1032 cum
1249 990 1319 1055 quo
1339 970 1442 1053 prius

331 1052 547 1134 scordaverat,
580 1049 785 1115 concordiam
817 1051 905 1132 iniit3
943 1051 997 1135 qui
1027 1073 1101 1114 cum
1133 1051 1242 1116 valido
1276 1053 1441 1138 equitatu

295 1139 366 1222 regi
377 1133 543 1201 Wecslare
565 1135 705 1200 occurrit
726 1143 758 1200 et
778 1157 798 1198 a
819 1133 945 1199 civibus
966 1135 1196 1221 impostorema
1217 1135 1312 1200 illum
1340 1159 1441 1222 repe-

220 1242 285 1286 rsss.
296 1221 378 1286 tivit.
401 1218 528 1301 Quibus
541 1219 677 1284 traditus
692 1227 724 1283 et
743 1219 777 1281 in
793 1240 890 1283 curm
904 1218 946 1282 ad
961 1240 1018 1283 eos
1032 1229 1173 1298 evectus,
1195 1230 1231 1286 ut
1251 1231 1439 1302 meruerat,

296 1304 445 1371 incendio
469 1313 602 1370 exustus
623 1314 681 1368 est

156 1402 286 1445 commea.
383 1396 470 1447 Huius
490 1396 576 1445 eciam
595 1394 762 1460 temporibus
780 1393 809 1443 in
822 1394 953 1444 Thunicio
973 1409 1072 1458 magna
1091 1393 1234 1446 multitudo
1253 1411 1436 1462 paganorum

295 1485 345 1538 per
354 1468 542 1534 supradicti
551 1469 624 1518 Petri
636 1469 708 1533 regis
717 1468 886 1532 Arragonnm
899 1469 1030 1517 astuciam
1042 1468 1112 1518 inter
1123 1470 1257 1518 moncium
1270 1469 1434 1521 districtum

295 1545 346 1594 fuit
366 1542 501 1608 depressa,
522 1547 548 1592 et
565 1542 668 1592 ibidem
687 1542 784 1591 occisi
803 1546 874 1592 sunt
892 1556 1080 1606 paganorum
1101 1557 1181 1607 quam
1201 1542 1320 1608 plurima
1343 1544 1434 1606 milia,

295 1617 364 1667 forte
383 1617 434 1667 tria
453 1615 537 1666 milia.
575 1615 650 1666 Tunc
669 1613 797 1665 soldanus
819 1613 963 1664 Babilonia
984 1629 1000 1663 a
1019 1615 1156 1666 Tartharis
1178 1631 1227 1682 per
1251 1623 1314 1666 octo
1340 1614 1433 1668 dietas

295 1691 413 1756 fugatus,
432 1689 479 1740 ubi
497 1690 597 1754 pagani
609 1688 680 1739 ultra
699 1689 894 1754 quinquaginta
907 1686 982 1737 milia
996 1687 1121 1738 dicuntur
1140 1690 1238 1752 occisi;
1257 1689 1307 1740 sod
1322 1691 1434 1741 viribus

296 1770 324 1814 ot
347 1765 436 1814 animo
455 1763 607 1828 resumptis,
633 1760 761 1812 soldanus
787 1760 874 1812 dictos
893 1762 1020 1811 Tartaron
1045 1761 1189 1813 orientales
1212 1763 1322 1828 fugans,
1356 1765 1434 1815 circa

295 1839 406 1903 triginta
425 1836 501 1886 milia
520 1836 709 1886 Thartarorum
727 1835 756 1884 in
775 1833 928 1885 huiusmodi
947 1835 1012 1899 fuga
1032 1834 1130 1886 dieitur
1149 1835 1294 1887 occidisse.

378 1903 535 1967 Martinus
563 1923 651 1987 papa
678 1901 771 1983 obiit;
809 1902 862 1964 cui
884 1901 1049 1966 Honorius
1079 1897 1216 1987 quartus
1246 1905 1430 1986 successit,

295 1996 370 2074 post
392 2009 488 2073 quem
510 1985 662 2072 quidam¹
687 1984 809 2048 ordinis
830 1985 992 2049 Minorum
1015 1984 1229 2051 substituitur.

219 2093 285 2134 rasa
378 2071 484 2157 Igitur
519 2091 602 2133 anno
639 2069 773 2132 Domini
811 2070 910 2152 1288,
952 2071 1044 2155 regni
1080 2069 1209 2135 Rudolfi
1245 2071 1336 2156 regis
1380 2074 1428 2156 14,

296 2155 458 2220 discordia
479 2152 689 2218 inexorabilis
711 2162 743 2217 et
764 2152 900 2217 multum
922 2151 1063 2238 lugenda
1085 2155 1186 2219 oritur
1208 2156 1292 2218 inter
1307 2155 1427 2221 Iohan-

295 2263 369 2304 nem
401 2240 517 2304 ducem
539 2237 720 2303 Brabancie
749 2247 781 2302 et
802 2236 1006 2324 Reyuoldum
1034 2239 1185 2303 comitem
1208 2237 1426 2306 Gelrhensem

295 2347 353 2410 pro
381 2324 503 2389 ducatu
524 2322 661 2388 Limbur
684 2322 762 2403 ensi,
798 2344 894 2408 quem
923 2320 1037 2386 diebus
1065 2324 1132 2387 vite
1161 2345 1217 2388 suc
1246 2345 1362 2390 comes
1395 2349 1427 2391 se

295 2407 415 2473 debere
442 2407 610 2494 possidere
636 2428 656 2469 a
691 2405 818 2471 rmabat
846 2407 975 2470 racione
1003 2407 1115 2471 uxoris
1143 2429 1209 2490 sue,
1240 2407 1308 2474 filie
1331 2409 1426 2474 ducis

295 2495 364 2558 sine
385 2491 497 2557 liberis
522 2490 720 2579 [defirnctil’J.
765 2489 831 2554 Sed
853 2487 922 2553 dux
943 2491 1208 2576 magnanimitate
1236 2501 1269 2557 et
1292 2493 1425 2558 diviciis

294 2576 408 2658 fidens,
438 2577 479 2642 ab
502 2573 620 2639 Adolfo
643 2575 759 2638 comite
786 2575 826 2639 de
847 2574 958 2638 Monte
980 2575 1137 2660 quicquid
1165 2576 1244 2640 iuris
1273 2578 1310 2640 in
1332 2577 1423 2643 dicto

295 2661 416 2726 ducatu
437 2658 556 2724 habere
578 2658 747 2723 videbatur
775 2657 875 2723 multo
903 2660 1014 2743 precio
1043 2661 1251 2744 comparavit,
1286 2671 1321 2726 et
1352 2685 1423 2749 pre

295 2745 418 2809 dictum
434 2743 585 2808 comitem
601 2741 674 2828 [dec
688 2741 797 2808 Monte
820 2750 852 2807 et
860 2741 1063 2806 Walramum
1086 2745 1247 2832 comitem]
1264 2744 1423 2812 Iuliacen-

295 2850 364 2892 sem
400 2838 431 2892 et
467 2827 535 2890 eius
571 2827 701 2891 fratrem
734 2825 938 2890 Gerhardum
971 2825 1093 2890 dictum
1123 2827 1163 2892 de
1198 2827 1355 2894 (laetared
1394 2840 1425 2897 et

294 2909 518 2976 Everhardum
548 2910 697 2974 comitem
726 2909 766 2974 de
787 2909 904 2974 Marka
937 2921 969 2976 et
990 2910 1181 2976 Heinricum
1207 2913 1352 2985 nobilem
1385 2915 1423 2980 de

294 2993 470 3076 Windeke,
492 2993 623 3060 fratrem
646 2995 773 3059 comitis
793 2994 903 3059 Adolfi
925 2993 965 3059 de
979 2996 1099 3077 Monte,
1122 2996 1254 3082 insuper
1274 3007 1309 3062 et
1333 2999 1422 3064 cives

296 3078 506 3145 Colonienses
535 3079 716 3166 multosque
748 3077 829 3143 alios
860 3089 927 3144 tam
959 3078 1084 3144 nobiles
1114 3103 1211 3166 quam
1244 3083 1422 3149 servientes

293 3165 421 3249 magnis
444 3163 505 3228 sibi
519 3163 639 3263 preciis
660 3161 852 3228 confoderat.
895 3163 958 3227 Ate
981 3184 1089 3228 comes
1108 3186 1150 3228 ex
1164 3163 1301 3230 adverso
1319 3165 1430 3232 domi·

293 3271 372 3313 num
409 3247 606 3334 Sigefr1dum
642 3246 921 3332 archiepiscopum
955 3244 1190 3331 Coloniensem,
1227 3250 1418 3317 Heinricum

295 3333 447 3397 comitem
469 3333 509 3398 de
531 3330 775 3415 Luczlinburgf,
801 3331 933 3396 fratrem
954 3332 1043 3396 eiuss
1058 3331 1259 3398 Walramum
1282 3344 1316 3398 et
1330 3335 1419 3399 Wal-

294 3439 419 3482 ramum
452 3415 592 3481 nobilem
625 3415 665 3481 de
697 3413 899 3500 Fallrinburg
936 3425 968 3480 et
994 3415 1170 3480 Iohannem
1202 3416 1345 3483 nobilem
1379 3421 1418 3485 de

293 3500 497 3586 Lymbergh,
534 3500 724 3564 Heinricum
767 3521 894 3584 quoque
931 3499 971 3564 de
1006 3501 1247 3587 Westerburgi,
1284 3501 1416 3568 fratrem
1470 3539 1471 3548 κ

293 3583 563 3683 arehiepiscopik,
586 3594 618 3649 et
639 3582 746 3670 plures
767 3583 846 3647 alios
868 3605 963 3668 prece
985 3593 1018 3649 et
1038 3587 1148 3670 precio
1167 3586 1229 3649 sibi
1249 3587 1417 3671 conciliat3

294 3677 326 3767 et
347 3689 454 3732 varros
474 3677 607 3732 eventus
620 3666 697 3732 belli
711 3669 927 3753 experiuntur,
948 3691 1034 3732 nunc
1049 3669 1110 3734 hiis
1131 3692 1218 3734 nune
1239 3669 1301 3734 illis
1325 3695 1416 3758 supe·

291 3749 433 3816 moribus
455 3752 676 3822 existentibus.
722 3751 786 3817 Sed
808 3752 939 3816 tandem
961 3752 1029 3817 dux
1044 3753 1137 3818 solita
1152 3757 1416 3839 magnanimitate

294 3837 515 3922 episcopatum
543 3834 767 3904 coloniensem
800 3838 992 3922 potestative
1018 3837 1198 3922 ingreditur
1225 3848 1258 3904 et
1277 3838 1415 3906 flammis

294 3928 326 3983 et
346 3919 430 3984 ferro
452 3941 511 4005 pro
532 3919 626 3985 libitu
648 3930 763 3984 cuncta
785 3921 945 3986 consumit
965 3931 997 3986 et
1018 3932 1157 3986 castrum
1179 3924 1414 4014 archiepiscopi

292 4001 443 4068 Wiirincl
472 4003 612 4086 dictum,
645 4003 745 4068 multo
772 4007 900 4089 agmine
929 4015 1125 4070 armatorum
1155 4008 1301 4094 stipatus,
1332 4010 1414 4076 obsi-

292 4149 316 4203 a)
332 4151 482 4203 impastorcm
498 4165 515 4194 c.
575 4152 599 4205 b)
616 4153 719 4194 defuncti
736 4154 815 4194 Ohroa.
830 4165 904 4203 praes.
920 4159 1005 4194 saurus
1019 4157 1090 4206 suppl.
1145 4155 1166 4207 c)
1182 4156 1215 4196 ita
1231 4157 1313 4198 caron.
1326 4169 1417 4212 preca,-

290 4212 336 4250 ἀει.
350 4223 371 4251 e.
407 4209 430 4262 d)
448 4210 558 4252 Castana
588 4211 716 4266 s)Ac(?)c.
753 4211 948 4263 OLirculinburg
963 4226 981 4254 o.
1019 4213 1042 4266 g)
1059 4215 1259 4266 archiepiscopum
1271 4219 1412 4264 mahadan.

293 4267 317 4322 h)
333 4270 457 4322 neynbm
472 4281 489 4310 e.
531 4270 547 4323 i)
557 4272 714 4322 Wescenbnrg
729 4283 747 4312 c.
790 4271 815 4324 k)
832 4273 1033 4324 arehiepiscopum
1048 4286 1067 4316 c.
1111 4265 1411 4326 1)wtrinevaw1⁰1rmse.

254 4437 259 4450 ¹
293 4381 322 4450 i)
344 4383 471 4436 Nicotaus
490 4384 543 4448 IV,
563 4384 610 4450 qui
627 4385 695 4437 acciit
715 4385 795 4450 1288,
815 4385 893 4438 Febr.
914 4389 1102 4453 aun-1292,
1122 4386 1186 4456 Aps.
1207 4391 1234 4443 4.
