3122 4978
265 378 318 428 168
406 376 594 431 ΟΗΕΟΝΙΟΑ
611 376 724 429 anem
743 375 996 429 communem.
1016 375 1120 427 CONT.
1138 377 1171 428 Δ.
1183 376 1263 428 1199.

633 550 799 602 Rooesssio
818 550 844 601 Ι.
864 551 931 602 cod.
950 552 1010 602 Aa
1086 537 1091 544 ¹

264 617 518 702 congressionis·
538 615 723 682 facultatem
744 640 810 682 non
832 617 998 682 dederunt
1070 618 1159 682 Inter
1188 618 1249 682 hec
1276 621 1382 683 omnia

262 702 349 766 lama
370 700 569 766 Coloniensis
591 702 825 801 archiepiscopi
844 724 910 766 non
925 710 994 766 erat
1007 702 1142 788 integra,
1164 710 1197 767 et
1215 714 1381 788 suspectus

263 785 451 866 habebatur,
480 785 567 870 qnod
587 787 731 871 negociis
757 809 888 851 manum
915 785 1072 852 valentius
1100 808 1166 851 non
1196 797 1381 886 apponeret,

263 893 337 935 cum
361 879 470 934 tamen
501 891 613 934 revera
645 871 869 955 gravissimum
901 879 933 935 et
960 870 1148 956 inpossibile
1182 871 1246 957 ipss
1271 871 1382 936 firissot

263 955 406 1019 cunctisl
446 954 647 1040 principibus
685 957 843 1019 contraire
875 965 907 1019 et
940 966 1050 1020 contra
1089 976 1199 1018 eorum
1240 955 1381 1020 volunta-

262 1047 371 1103 temet
384 1059 574 1102 consensum
589 1060 648 1124 pro
663 1060 721 1103 suo
735 1036 818 1103 velle
828 1039 1010 1102 Romanum
1020 1039 1192 1125 imperium
1203 1038 1381 1125 disponere.

263 1121 439 1187 Constabat
460 1123 554 1200 euim,
577 1122 653 1207 quia
670 1123 747 1188 Otto
768 1145 828 1186 rex
851 1124 938 1186 omni
959 1145 1041 1209 pene
1062 1133 1189 1187 terreno
1211 1123 1329 1188 auxilio
1349 1133 1382 1189 ct

262 1206 401 1270 humano
424 1205 536 1271 solatio
557 1207 738 1288 destitutis,
767 1217 922 1293 quantum
948 1207 991 1272 ad
1018 1217 1199 1306 respectum
1228 1207 1381 1272 adversae

263 1291 374 1376 partis,
395 1312 532 1376 regnum
553 1300 611 1355 aut
630 1290 803 1376 imperium
824 1313 1000 1378 numquam
1022 1303 1164 1377 optrnere
1185 1301 1304 1378 posset,
1319 1292 1381 1355 nisi

262 1374 421 1438 adiutorio
443 1372 541 1438 solius
568 1373 643 1452 Dei,
688 1375 721 1438 ui
752 1374 936 1439 dominatur
966 1377 1001 1439 in
1029 1397 1127 1460 regno
1156 1375 1318 1440 hominum
1349 1387 1381 1441 et

263 1459 390 1522 cuicum
413 1480 454 1522 ue
475 1456 610 1523 voluerit
631 1397 721 1524 dalrit
740 1457 855 1528 illud*

346 1542 387 1606 In
434 1545 573 1606 annonis
593 1543 689 1606 etiam
711 1564 807 1628 super
828 1565 927 1627 regno
948 1541 1002 1606 illo
1023 1543 1186 1607 discordia
1199 1543 1280 1608 sevit
1298 1545 1381 1607 inter

263 1625 344 1689 duos
365 1627 489 1707 fratres,
517 1624 603 1712 quod
631 1627 666 1689 in
691 1624 753 1691 hoc
779 1626 877 1690 modo
905 1625 1058 1692 accidisse
1079 1627 1249 1697 ferebatur,
1302 1625 1381 1691 Bela
1422 1661 1426 1668 ·

264 1731 323 1774 rex
337 1709 499 1794 Ungariae
512 1712 580 1774 vita
595 1708 771 1775 decedens¹
789 1711 872 1776 duos
886 1709 1014 1797 reliquit
1027 1711 1118 1792 filios,
1131 1711 1380 1777 Hemmcradum

264 1802 296 1858 et
318 1793 491 1858 Andream.
534 1794 679 1875 Quorum
693 1796 793 1880 priori
806 1817 943 1878 regnum
959 1793 1048 1859 dedit
1061 1804 1093 1860 ct
1107 1794 1205 1860 filiam
1226 1796 1382 1882 principis

263 1877 465 1960 Antiochiae,
487 1876 578 1942 alteri
600 1877 739 1964 quedam
761 1879 892 1944 castella
912 1888 945 1944 et
964 1879 1077 1965 predia
1098 1900 1216 1964 magna
1229 1889 1325 1965 atquc
1340 1879 1382 1944 ad

264 1963 553 2047 peregrinationem
564 1960 881 2045 lherosolimitanam,
898 1975 1016 2050 quamc
1036 1967 1107 2049 ipso
1129 1974 1269 2044 voverat,
1292 1985 1381 2050 pera

263 2046 403 2130 gendum
412 2045 570 2111 infinitam
586 2048 765 2132 pecuniam.
799 2047 994 2112 Adolescens
1009 2058 1114 2113 autom
1130 2057 1204 2133 post
1218 2048 1382 2112 decessum

264 2131 365 2215 patris
388 2151 460 2193 cum
482 2129 583 2196 libera
603 2153 681 2195 usus
702 2131 816 2196 fuisset
835 2141 1004 2219 potestate,
1027 2133 1110 2197 sicut
1130 2154 1168 2196 ea
1189 2141 1257 2196 etas
1274 2131 1382 2218 sepius

262 2213 401 2299 prodiga
416 2223 466 2278 est
480 2223 512 2280 et
522 2215 700 2301 inprovida,
716 2227 881 2301 acceptam
896 2215 1089 2302 pecuniamd
1104 2217 1168 2280 cito
1184 2215 1247 2280 dila
1271 2215 1382 2280 idavit.

265 2298 339 2378 Quo
361 2299 457 2380 facto,
480 2321 554 2363 cum
585 2298 628 2363 ad
654 2309 842 2364 consuetum
869 2299 983 2363 luxum
1011 2301 1105 2386 copia
1131 2322 1196 2364 non
1229 2323 1248 2364 a
1283 2309 1384 2381 neret,

264 2383 351 2468 cepit
373 2380 506 2446 consilio
519 2404 650 2446 suorum
660 2406 795 2468 regnum
810 2383 916 2448 fratris
932 2383 1012 2448 sibi0
1027 2384 1212 2469 usurpando
1221 2382 1382 2449 invadere.

263 2465 327 2530 Oui
341 2488 415 2530 cum
429 2488 488 2530 rex
503 2467 672 2548 resisteret,
694 2477 763 2531 orto
784 2468 867 2531 inter
896 2468 970 2533 coss
989 2467 1081 2548 bello,
1103 2468 1238 2533 victoria
1264 2470 1382 2553 potitus

264 2548 465 2615 cstAndreas
483 2549 602 2613 auxilio
621 2550 710 2614 ducis
726 2550 877 2617 Austriao
896 2551 1088 2642 [Lupoldith
1109 2553 1200 2616 cuius
1215 2551 1314 2616 filiam
1326 2552 1383 2618 du-

263 2643 367 2698 xerat.
396 2634 468 2714 Quo
484 2656 636 2698 successu
649 2633 750 2699 elatus
762 2641 803 2684 -ὲ
815 2637 897 2701 sicut
909 2659 961 2700 res
976 2647 1026 2701 est
1039 2637 1073 2699 in
1095 2637 1182 2701 uieta
1195 2637 1330 2701 felicitas
1342 2677 1382 2686 —

264 2717 405 2782 secundo
429 2719 599 2782 contractis
622 2720 722 2804 copiis
743 2719 875 2785 fratrem
896 2719 1029 2785 invadit.
1103 2743 1130 2804 e,
1152 2721 1263 2785 accitis
1277 2719 1384 2786 Theu-

264 2801 390 2884 touicis,
413 2823 550 2887 quorum
572 2801 619 2866 ibi
640 2804 733 2888 copia
754 2826 872 2889 magna
893 2813 950 2881 est,
974 2806 1030 2891 qui
1053 2815 1086 2869 ot
1106 2803 1247 2889 hospitas
1268 2804 1315 2869 ibi
1330 2829 1383 2871 vo-

264 2893 386 2965 cantur,
407 2885 538 2950 fratrem
561 2886 688 2967 devicit,
711 2888 825 2952 occisis
847 2910 889 2953 ex
909 2889 979 2954 eius
993 2899 1083 2974 parte
1097 2888 1206 2953 multis
1221 2902 1253 2955 ot
1270 2891 1382 2975 captis.

263 2968 433 3034 Eiusmodi
447 2992 523 3055 ergo
546 2969 709 3036 discordia
722 2973 804 3036 inter
819 2995 873 3037 eos
896 2971 1019 3037 diutina
1032 2973 1093 3037 fuit
1107 2982 1139 3037 et
1153 2974 1313 3058 pertinax,
1326 2995 1382 3039 va-

262 3053 393 3139 riusque
409 3052 563 3120 bellorum
580 3054 769 3142 [eventustp
780 3056 882 3122 donec
897 3057 1106 3142 Moguntinus
1124 3056 1382 3145 archiepiscopus

263 3137 304 3201 de
330 3139 549 3202 transmarinis
579 3139 715 3218 rediens,
741 3151 848 3226 partes
876 3163 950 3204 suas
968 3142 1168 3228 interposuit
1193 3164 1312 3229 eosque
1339 3142 1380 3206 ad

264 3207 469 3286 concordiam
497 3221 635 3288 reduxit.
683 3223 756 3289 Hoc
785 3222 956 3306 elaborato,
978 3248 1037 3289 rex
1058 3225 1100 3289 ad
1120 3226 1380 3312 perigrinantium

262 3304 389 3372 lumbos
411 3329 485 3371 suos
508 3309 657 3390 accinxit,
679 3310 850 3373 commissa
871 3310 962 3394 regni
985 3330 1063 3372 cura
1083 3309 1175 3376 fratri
1197 3332 1267 3375 suo.

605 3451 771 3503 Rooeosio
791 3452 834 3504 II.
854 3455 949 3507 codd.
968 3455 994 3505 B
1021 3453 1050 3507 O.

354 3525 412 3587 Quo
432 3541 558 3576 successu
578 3553 612 3563 -
634 3552 667 3560 —
688 3531 715 3575 et
735 3526 829 3591 captis.
848 3534 878 3576 at
897 3527 1024 3579 Reoeosr'o
1043 3528 1068 3584 Ι.

345 3591 471 3657 Eodem
499 3613 582 3655 anno
606 3592 772 3657 descendit
793 3591 961 3658 Ounradus
982 3595 1204 3680 Mogontinusi
1226 3595 1381 3682 archiepi-

263 3696 380 3760 scopus
401 3674 442 3739 ab
465 3673 567 3757 Italia,
590 3685 623 3740 et
645 3698 719 3740 curn
741 3698 778 3741 eo
800 3677 1009 3744 Bonifaciusk
1030 3677 1173 3743 marchio
1196 3679 1235 3743 de
1256 3679 1380 3745 Monte·

261 3757 381 3824 ferreo¹
403 3766 439 3821 ut
460 3757 654 3823 discordiam
677 3783 740 3846 qua
761 3760 795 3824 in
815 3783 916 3846 regno
939 3773 1008 3828 orta
1028 3763 1131 3828 fuerat
1152 3786 1194 3828 ex
1223 3762 1378 3829 electione

267 3840 395 3908 Ottonis
418 3851 450 3905 ot
471 3842 562 3907 ducis
584 3843 758 3908 Sueviae**
785 3846 941 3928 sedarent,
970 3856 1002 3912 et
1023 3849 1050 3911 si
1071 3849 1240 3935 nequirent
1259 3848 1379 3914 istudm

329 3947 358 4017 ¹⁸)
379 3946 418 4000 01
442 3949 505 4004 odd.
525 3950 600 4017 infra
618 3952 648 4002 io
665 3952 794 4020 morys'oe,
814 3963 843 4004 ut
861 3954 975 4018 videram,
995 3974 1078 4007 mona
1097 3957 1162 4019 olio,
1183 3956 1300 4009 eiusdem
1317 3973 1380 4010 cero

372 4023 481 4074 aetatis:
501 4025 599 4076 Obiit
623 4025 687 4076 hoo
706 4043 793 4079 anno
809 4029 975 4081 Albartus
995 4030 1034 4080 dc
1058 4030 1149 4082 Ohnc
1165 4030 1381 4083 Laodionsis

373 4096 588 4164 spiscopusl.
680 4097 952 4169 **)PhylippiB1.

262 4201 286 4256 s>
303 4205 441 4254 egressionis
457 4204 511 4256 At,
527 4209 702 4256 congressiones
717 4211 767 4252 Β1.
785 4212 805 4253 t.
822 4211 865 4253 01.
882 4213 903 4254 2.
955 4211 978 4264 b)
994 4225 1014 4253 c.
1031 4214 1093 4253 onim
1108 4224 1142 4263 pr.
1159 4213 1207 4254 ΑΞ,
1262 4214 1283 4264 o)
1300 4225 1380 4264 parag.

262 4263 422 4313 q.l.v..⁴12.
483 4263 644 4316 omres.
704 4266 837 4320 e)sui01.
914 4269 1145 4322 Opostssmpt.Bl.
1221 4271 1380 4326 mitterem.

262 4319 286 4374 lt)
303 4323 358 4364 aem
374 4322 422 4370 Aa,
445 4325 516 4374 spatio
536 4335 605 4365 cocao
620 4327 700 4366 relicto.
731 4343 760 4364 =
789 4326 807 4380 t)
824 4329 974 4379 Moguutinus
990 4332 1033 4373 01.
1051 4333 1071 4384 2,
1087 4342 1144 4372 corr.
1161 4333 1310 4381 Mogontinus
1332 4333 1378 4374 Bl.

261 4378 286 4432 k)
302 4380 386 4424 Boset.
403 4383 447 4426 01.
505 4380 523 4436 l)
539 4385 617 4426 Monte
638 4385 696 4427 terto
713 4388 756 4429 01.
818 4387 850 4439 sn)
867 4389 924 4428 illud
940 4390 984 4432 01.

264 4472 292 4542 1)
312 4473 389 4531 Anao
411 4479 490 4531 troo.
569 4480 598 4549 a)
618 4478 695 4534 Anao
717 4482 795 4547 1200,
816 4482 894 4537 rea.
918 4485 941 4537 1.

1520 4103 1547 4174 a
