2988 5058
307 381 462 434 MARTINI
483 382 730 434 cONTINUATIO
751 383 1006 440 COLONIENSIS.
1163 386 1217 436 357

86 556 288 606 inhibicionem
309 554 410 604 domini
428 571 498 621 pape
512 554 652 606 Martini
672 556 806 620 quarti,
826 560 1014 622 quaproptera
1026 557 1132 610 domino
1145 575 1218 625 papa
1228 569 1364 613 dent-lton.

88 631 353 688 excommunicatus,
373 644 456 694 regne
475 628 641 693 Arragcnum
666 635 693 679 et
713 630 785 678 omui
805 629 876 694 quod
896 630 930 679 ab
951 631 1069 682 ecclesia
1088 633 1218 683 tenebata

87 709 227 773 privatur.
279 694 374 760 Unde
408 704 440 759 et
472 694 621 758 dominus
653 717 740 780 papa
760 694 919 760 Martinus
946 719 1055 781 regem
1078 699 1217 764 Francis

90 789 209 844 contra
231 779 368 844 eundem
383 779 515 843 Petrum
531 801 640 864 regem
651 780 841 864 Arragonie,
865 802 961 866 quem
984 780 1106 846 dudum
1128 785 1217 869 regio

87 867 226 929 nomine
248 864 441 963 privaverat,
474 864 508 926 in
530 861 686 927 auxilium
708 863 888 946 accersivit,
916 866 1068 949 quicum
1090 869 1218 952 magnis
1297 887 1302 899 ⁸

90 950 201 1036 copiis
224 969 365 1028 vemens,
388 976 502 1027 regnum
516 961 684 1026 Arragonum
707 977 756 1027 per
775 961 872 1011 milites
895 966 922 1011 et
943 963 1131 1029 stipendiarios
1154 979 1217 1014 suos

91 1055 157 1090 cum
178 1041 277 1090 auxilio
298 1039 437 1090 cuiusdam
456 1038 554 1089 nobilis
575 1038 608 1089 de
627 1038 778 1104 Arragonia
806 1039 943 1106 transfuga
962 1043 1070 1092 nomine
1090 1041 1219 1093 lobannis

89 1109 220 1164 invaditb
242 1118 269 1162 et
288 1112 384 1163 multas
405 1113 624 1162 municiones
651 1114 803 1179 occupavit,
832 1113 943 1163 absente
962 1115 1043 1165 Petro
1070 1120 1098 1164 et
1122 1131 1218 1180 procu-

90 1192 172 1237 rante
193 1188 245 1238 sibi
264 1185 422 1250 subsidium,
449 1185 564 1251 qualiter
588 1192 679 1251 posset
696 1187 784 1252 ipsum
804 1201 923 1250 regnum,
949 1188 1074 1253 quoiam
1096 1187 1218 1241 dudum

89 1263 214 1326 privatus
226 1265 292 1322 erat,
312 1259 462 1310 defensare.
492 1258 639 1309 Karolus
659 1265 772 1310 autem
792 1274 850 1310 rex
869 1259 903 1309 de
915 1261 1029 1310 Francis
1048 1262 1169 1327 partibus
1188 1277 1218 1312 se

89 1349 143 1399 per
158 1349 230 1384 mare
245 1332 418 1385 transtulerat
427 1349 521 1383 versus
532 1332 672 1399 Apuliam3
693 1333 768 1382 cuius
788 1332 933 1382 adventum
949 1333 1034 1385 Siculi
1047 1334 1091 1384 vel
1102 1336 1219 1401 Hispani

90 1407 246 1460 etGotbi
265 1409 426 1470 sancientes,
447 1421 506 1457 cum
527 1406 661 1470 aliquibus
680 1405 805 1471 galeydis
824 1407 933 1456 armatis
954 1413 982 1457 et
1002 1408 1089 1458 bene
1108 1409 1219 1460 munitis

89 1497 143 1547 per
168 1497 242 1532 mare
261 1485 392 1532 venerunt
410 1479 562 1547 Neapolim,
587 1485 617 1529 ut
635 1481 786 1544 sagacitate
812 1495 862 1530 sua
885 1485 949 1530 ante
974 1482 1046 1546 regis
1071 1481 1218 1534 adventum

89 1561 205 1620 possent
230 1554 330 1605 ibidem
357 1554 471 1620 aliquos,
500 1553 559 1618 qui
584 1555 745 1618 pociores
770 1552 1002 1616 videbantur,
1022 1570 1218 1621 provocare

92 1628 136 1678 ad
167 1628 382 1679 conflictum.
421 1627 518 1690 Quod
546 1627 605 1676 ubi
634 1627 807 1692 comperit
836 1626 934 1678 filius
963 1629 1058 1692 regis
1083 1627 1217 1692 Rutuli,

91 1707 182 1752 motus
212 1708 239 1751 et
266 1703 393 1752 incitatus
421 1701 499 1750 huius
528 1701 706 1750 animositatis
736 1699 907 1761 clamoribus,
938 1702 1083 1767 assumpsit
1110 1701 1218 1752 solitam

92 1774 248 1836 audaciam,
276 1790 335 1824 cum
362 1775 417 1824 suis
441 1772 616 1824 bellatoribus
642 1772 760 1839 prefatos
784 1774 908 1822 inimicos
933 1774 1098 1839 aggreditur,
1124 1780 1218 1825 contra

93 1864 142 1899 eos
166 1847 279 1898 viriliter
304 1846 458 1913 pugnando.
496 1845 551 1896 Sed
577 1861 625 1910 per
648 1845 770 1896 fraudem
793 1852 933 1896 nautarum
957 1847 1034 1897 multi
1059 1847 1164 1898 nobiles
1191 1852 1219 1899 et

93 1922 215 1972 strennui
239 1925 401 1986 pugnatores
428 1919 595 1970 submersi
621 1925 698 1969 sunt
724 1925 757 1970 et
784 1919 986 1982 interfecti;
1015 1921 1060 1971 ubi
1090 1926 1117 1970 et
1143 1919 1217 1971 idem

92 1996 221 2062 princeps
241 2009 301 2044 cum
321 1995 376 2044 suis
395 2007 536 2043 remanens
556 1997 649 2058 captus
669 1993 727 2055 fuit,
749 1992 871 2043 etmulti
891 1991 939 2042 alii
958 1991 1017 2043 cum
1039 2009 1079 2056 eo,
1098 1993 1218 2044 sednon

94 2071 153 2120 sine
173 2083 272 2134 magna
292 2083 397 2117 suorum
417 2066 585 2116 inimicorum
606 2067 751 2129 occisione,
782 2068 836 2134 qui,
855 2064 930 2116 velut
948 2068 1035 2131 ignari
1055 2068 1217 2117 marinorum

94 2148 248 2213 preliorum,
273 2148 376 2210 experti
397 2150 468 2208 sunt,
491 2146 554 2210 quia
575 2161 628 2196 non
650 2146 701 2194 fuit
722 2146 801 2196 ludus
822 2147 851 2194 in
872 2145 960 2196 undis.
1001 2134 1072 2196 Rex
1088 2154 1218 2219 quoque

93 2220 242 2300 Francis,
264 2229 439 2304 antequam
461 2216 502 2282 de
517 2215 631 2282 eadem
647 2217 859 2303 expedicione
874 2227 1098 2300 reverteretur,
1120 2217 1215 2300 obiit,
1228 2241 1295 2284 rasa.

94 2304 151 2369 sed
174 2314 206 2368 et
225 2304 296 2389 ipse
319 2301 459 2366 Karalus
480 2323 545 2365 non
566 2300 666 2366 multo
688 2310 762 2385 post
782 2301 952 2366 defunctus
975 2311 1031 2372 est.

177 2388 282 2474 Igitur
296 2385 453 2451 Rudolfus
474 2409 534 2451 rex
557 2396 749 2452 conventum
771 2386 950 2450 maximum
972 2384 1086 2450 habuit
1099 2384 1215 2449 Herbi·
1227 2400 1292 2444 mer.

93 2473 185 2560 polis,
215 2471 338 2538 scilicet
358 2473 392 2535 in
412 2471 598 2556 Wiraburg,
627 2471 683 2536 ubi
713 2471 805 2535 multi
831 2471 995 2557 principes
1022 2478 1113 2535 erant
1142 2490 1215 2534 con-

94 2559 237 2644 gregati,
271 2577 370 2622 causa
391 2567 500 2622 autem
521 2566 609 2622 tante
631 2555 816 2642 frequencie
843 2555 913 2637 fuit,
947 2555 1034 2641 qued
1063 2554 1215 2619 dominus

94 2663 181 2728 papa
212 2641 370 2705 Martinus
402 2650 434 2705 et
464 2662 523 2706 rex
555 2664 614 2727 per
645 2662 774 2705 omnem
808 2638 1017 2704 Germaniam
1049 2638 1089 2703 de
1121 2639 1214 2704 terris

94 2723 270 2790 arabilibus
293 2724 453 2812 quandam
475 2747 634 2790 summam
655 2726 793 2811 pecunie
815 2723 998 2811 exigebant.
1041 2723 1109 2789 Ubi
1125 2722 1215 2808 sige-

94 2810 195 2875 fridus
218 2809 419 2874 Coloniensis
447 2808 708 2895 archiepiscopus
735 2810 878 2875 inaudite
906 2821 938 2875 et
965 2807 1092 2873 insolite
1119 2829 1215 2872 exac-

97 2895 181 2960 cioni
203 2895 285 2957 mira
308 2895 488 2957 constantia
516 2903 548 2958 et
568 2893 714 2958 libertate
744 2894 948 2974 contradixit,
978 2905 1009 2958 et
1029 2895 1075 2959 ita
1104 2914 1142 2960 ea
1163 2914 1215 2957 res

95 3001 281 3067 processum
317 2999 382 3040 uon
414 2976 526 3040 habuit
558 2987 589 3041 et
621 2977 775 3062 deinceps
808 2976 963 3042 oblivioni
995 2985 1027 3042 et
1057 2986 1214 3062 perpetuo

97 3063 228 3130 silencio
250 3061 377 3141 tradita,
407 3061 453 3125 sic
477 3061 563 3146 quod
586 3059 761 3125 Germania
783 3070 850 3125 tota
871 3083 930 3146 per
951 3060 1091 3125 eundem
1112 3059 1214 3124 archi-

96 3151 284 3234 eisccpum
305 3147 466 3231 usquein
496 3144 686 3209 hodiernum
711 3145 798 3209 diem
827 3142 867 3207 ab
897 3144 1009 3208 eadem
1040 3145 1215 3209 exaccione

96 3172 196 3300 liirera
217 3231 403 3318 permansit.

176 3317 305 3382 Interea
326 3312 456 3401 quidam
480 3313 616 3378 nacione
637 3314 837 3376 rusticanus¹
854 3309 1056 3376 Fridericum
1078 3312 1214 3459 impera-

97 3413 197 3468 torem
219 3423 254 3465 se
277 3399 429 3465 mentitur
452 3396 669 3478 similitudine,
700 3406 732 3462 et
753 3397 814 3460 hac
835 3394 967 3460 fallendi
989 3395 1098 3480 specie
1151 3392 1215 3458 olo·

96 3489 180 3552 niam
202 3484 312 3565 tendit,
341 3483 399 3547 ubi
422 3504 496 3548 cum
518 3503 538 3544 a
560 3480 807 3547 Coloniensibus
837 3501 911 3544 cum
937 3478 1056 3543 iniuria
1077 3501 1119 3543 ex
1143 3477 1214 3543 elle-

97 3581 191 3651 retur,
203 3569 373 3633 Nussiam⁰
385 3567 530 3645 divertit3
546 3564 603 3630 ubi
614 3588 687 3630 cum
698 3587 757 3651 per
767 3564 900 3651 aliquod
911 3573 1039 3662 tempus
1050 3501 1216 3645 resideret,

97 3655 137 3719 ad
156 3655 217 3718 hoc
237 3651 311 3718 fidei
335 3652 494 3738 processit
514 3652 616 3715 forme
638 3648 855 3731 similitudine,
878 3659 914 3714 ut
935 3669 992 3733 qm
1012 3646 1214 3731 Fridericum

97 3740 319 3823 imperatorem
341 3736 490 3800 viderant
517 3734 593 3822 [add
616 3757 672 3799 sue
695 3733 898 3819 decepcionis
924 3732 1022 3796 fidem
1050 3729 1214 3821 alliceret].

99 3823 199 3888 Tanta
227 3842 366 3906 namque
393 3821 560 3885 demencia
585 3818 703 3884 multos
733 3828 872 3904 ceperat,
904 3827 940 3881 ut
967 3817 997 3880 ei
1023 3814 1130 3902 regale
1158 3815 1214 3880 ob·

100 3907 243 3994 sequium
267 3905 407 3991 propriis
430 3902 612 3990 sumptibus
640 3903 843 3984 exhiberent,
871 3900 993 3988 aliqui⁰
1022 3921 1110 3980 vero,
1142 3923 1214 3986 per-

100 3990 282 4078 spicacioris
303 3988 493 4064 intellectus,
517 3988 673 4054 duriciam
696 3987 838 4073 corporis
860 3995 892 4050 ct
907 3985 1055 4052 servilem
1076 3983 1213 4048 formam

102 4179 256 4231 altenebatut·
271 4190 291 4220 c.
368 4177 391 4230 b)
408 4177 525 4217 invaditur
540 4189 558 4217 c.
635 4173 655 4225 a)
670 4175 777 4215 Tussiam
793 4186 810 4214 c.
886 4170 990 4224 diensis
1011 4173 1095 4212 inclusa
1116 4171 1217 4221 supplevi

101 4246 178 4280 amatae
187 4241 265 4282 caron.
279 4238 418 4288 quorundam
433 4247 514 4286 rapam.
573 4233 595 4287 e)
612 4236 701 4285 alioqui
717 4246 742 4282 a,
758 4235 796 4274 aad
810 4233 849 4275 ult.
866 4233 931 4273 iulia
946 4243 1014 4272 manu
1029 4232 1053 4272 tn
1065 4232 1111 4271 toro
1127 4241 1179 4270 ruse
1195 4241 1213 4271 e.

105 4392 130 4457 1)
141 4391 178 4444 Da
187 4388 235 4442 isto
246 4387 386 4456 impostore
397 4394 519 4440 accurate
529 4387 580 4456 epit
586 4387 686 4454 Meyer,
700 4386 708 4414 ‘
714 4384 770 4438 rete
775 4382 883 4450 Kolup'.
896 4383 1015 4436 Wetzlar.
1029 4381 1122 4448 Prope.
1132 4379 1214 4432 1868.
