3122 4978
333 437 387 486 212
445 434 631 487 CHRONIGA
650 433 762 486 REGIA
783 433 1036 486 COLONIENSIS.
1057 432 1373 485 coN'r.111.A.1vos.

730 607 895 660 Receneio
917 607 940 658 I.
961 615 990 657 et
1009 606 1057 658 ΙΙ.

260 719 325 764 reos
329 695 517 781 prandium
538 703 732 778 sumpserat.
775 694 877 758 Inele⁸
903 703 932 756 et
961 693 1055 756 clava
1068 693 1198 776 ferrea,
1215 716 1313 779 quam
1328 693 1455 756 tenebat

335 782 373 844 in
401 802 515 859 manu,
547 777 654 843 latera
681 779 850 844 morientis
878 787 907 840 et
935 786 1041 841 costas
1070 777 1228 841 inaudita
1261 775 1453 841 crudelitate

335 862 528 948 confrinqit,
553 884 696 946 casuque
717 864 827 942 vitans,
847 884 947 947 quam
960 862 1076 946 laqueo
1091 870 1280 942 entorserat,
1296 860 1454 945 conflnqit

334 955 488 1032 ereptam,
532 947 593 1010 aab
629 945 797 1030 imperiali
833 946 1005 1031 sepultura
1041 967 1204 1025 concessa,
1235 945 1454 1029 propalatum

335 1032 483 1096 omnibus
498 1031 602 1096 scelus
613 1029 754 1114 funeris
767 1031 889 1094 borsore
903 1028 1101 1094 dissimulat.
1146 1029 1202 1094 Sic
1218 1029 1312 1093 nobis
1328 1030 1454 1112 biemps

334 1123 401 1179 tota
417 1115 603 1200 perficitur,
632 1114 743 1194 donec,
771 1114 914 1178 navibus
941 1116 1063 1178 nostris
1084 1114 1183 1178 scalis
1205 1115 1329 1198 aptatis
1351 1123 1380 1175 et
1401 1115 1454 1176 in-

335 1203 522 1264 strumentis
544 1198 666 1263 bellicis
687 1221 752 1284 pre
779 1199 895 1279 aratis,
925 1220 984 1261 nos
1012 1207 1041 1261 et
1067 1207 1178 1261 nostra
1202 1199 1395 1282 recipientes
1415 1198 1455 1260 in

236 1298 293 1347 Aer·
303 1297 321 1338 9·
335 1283 487 1362 navibus,
509 1283 539 1346 5.
555 1282 637 1346 Idus
652 1281 740 1366 Apri
753 1285 791 1364 is,
814 1283 872 1346 boc
888 1291 933 1345 est
943 1281 1042 1365 feria
1057 1291 1149 1345 senta
1173 1291 1248 1345 ante
1262 1283 1456 1366 passionem

334 1367 501 1432 Domini⁶·
511 1378 532 1446 ¹,
555 1368 759 1430 sunanimiter
774 1388 841 1450 pro
865 1367 985 1430 bonore
1010 1375 1143 1429 sanctae
1164 1367 1336 1430 Romanae
1361 1365 1457 1429 eccle-

335 1454 404 1516 siae
426 1459 455 1512 et
476 1450 684 1515 subventione
700 1449 842 1514 Sanctae
859 1451 979 1513 Terrae
1001 1449 1118 1513 navali
1134 1450 1243 1532 prelio
1262 1449 1456 1514 invadimus

335 1537 513 1616 civitatem,·
549 1544 579 1596 et
606 1557 647 1597 ea
679 1535 747 1615 die,
782 1533 872 1598 resen(¹
904 1537 975 1598 sine
1007 1534 1106 1598 multo
1139 1543 1246 1598 tomen
1278 1557 1341 1598 sau
1367 1535 1456 1614 uine,

324 1618 460 1704 fuimus
487 1628 582 1682 tanta
597 1620 759 1704 perpessi,
789 1627 824 1680 ut
850 1618 996 1681 inimicis
1023 1620 1146 1682 uostris
1177 1621 1215 1681 in
1246 1557 1458 1702 obprobrium

334 1711 538 1783 verteremur,
571 1725 709 1788 quorum
737 1725 776 1764 ea
799 1702 954 1787 dispare
972 1700 1047 1785 fvit
1063 1724 1128 1786 per
1150 1711 1269 1766 cuncta
1291 1702 1457 1786 superior,

336 1788 417 1851 adeo
455 1795 490 1850 ut
526 1796 634 1849 tracta
670 1788 707 1850 in
743 1796 865 1848 terram
898 1784 1012 1849 Grecis
1049 1785 1310 1870 compelleremur
1342 1785 1458 1850 bellica

335 1879 449 1934 nostra
463 1871 726 1935 machinamenta
741 1871 923 1956 relinquere
944 1879 974 1933 et
986 1869 1106 1954 infecto
1123 1893 1163 1933 ne
1189 1873 1256 1934 ocio
1280 1871 1325 1933 od
1345 1870 1459 2015 ripam

334 1955 443 2018 redire
465 1976 653 2040 caperemur
676 1955 860 2032 adversam,
882 1977 922 2017 ea
944 1955 1007 2034 die,
1031 1963 1067 2016 ut
1088 1893 1270 2034 videbatur,
1292 1955 1382 2017 inuti
1396 1955 1459 2017 iter

324 2038 401 2123 fati
426 2041 482 2102 ati.
523 2037 716 2104 Conturbati
731 2061 805 2102 vero
817 2037 999 2122 plurimum
1015 2047 1043 2100 et
1058 2040 1234 2118 conterriti,
1257 2038 1314 2101 sed
1329 2038 1458 2101 demum

334 2061 536 2188 sobonem
565 2123 717 2202 roborati,
749 2121 880 2203 definito
909 2120 1044 2186 consilio
1077 2144 1196 2184 rursus
1224 2123 1459 2185 instauramur

219 2228 277 2280 eps.
289 2229 324 2271 1s.
337 2207 382 2270 ad
397 2230 449 2291 pu
473 2230 551 2270 nam
574 2216 621 2270 et⁸
644 2216 766 2292 quarta
788 2207 851 2286 die,
880 2205 910 2268 2.
933 2206 1016 2269 Idus
1036 2204 1176 2290 Aprilis,
1206 2207 1264 2269 boc
1293 2215 1338 2269 est
1356 2204 1459 2288 feria

337 2229 483 2356 secunda
530 2300 578 2355 ost
589 2292 784 2375 passionem
798 2290 946 2369 Domini,
960 2290 1067 2374 flante
1083 2290 1180 2354 borea
1195 2312 1330 2353 rursum
1346 2289 1456 2373 appli-

336 2398 451 2439 camur
475 2314 526 2438 ad
541 2397 663 2455 muros,
691 2374 790 2437 scalis
817 2376 952 2438 navium
979 2373 1079 2436 scalis
1108 2375 1251 2436 turrium
1277 2373 1460 2457 applicatis

335 2483 409 2524 cum
422 2459 521 2522 multo
532 2458 642 2522 labore
656 2466 851 2536 nostrorum,
861 2456 1077 2543 permultam¹
1092 2457 1313 2522 resistentibus
1326 2457 1459 2539 Grecis,·

333 2545 391 2607 sed
413 2564 453 2606 eu
481 2564 543 2628 quo
566 2544 746 2605 comminus
768 2540 899 2627 qladios
920 2563 1046 2605 sensere
1069 2541 1282 2621 nostrorum',
1305 2565 1373 2605 non
1395 2543 1460 2605 sliu

333 2626 409 2691 belli
431 2649 552 2712 anceps
574 2626 710 2689 duravit
733 2635 874 2689 eventus.
918 2626 1016 2688 Duae
1031 2625 1193 2709 siquidem
1207 2648 1307 2688 naves
1323 2629 1461 2708 pariter

332 2710 517 2795 colliqatae,
542 2731 625 2834 quae
652 2710 821 2794 episcopos
842 2718 980 2790 nostros,
1010 2708 1224 2773 Suessionisss
1246 2709 1394 2773 videlicet
1416 2733 1458 2773 ac

336 2794 542 2857 Precenensis
562 2843 572 2874 ,
589 2793 786 2876 deferebant,
804 2815 947 2878 quarum
961 2803 1057 2857 erant
1071 2794 1225 2878 insiqnia
1241 2793 1457 2879 ‘paradysus'

331 2971 362 3025 et
401 2960 474 3025 elici
496 2964 649 3046 auspicio
659 2963 854 3047 pereqrinos
864 2983 932 3045 pro
943 2961 1119 3046 paradyso
1135 2970 1294 3024 certantes
1310 2961 1458 3026 bostibus

332 2887 363 2941 et
385 2885 394 2917 ‘
418 2880 592 2963 ereqrina’,
609 2898 743 2960 primae
764 2877 865 2942 scales
887 2881 957 2942 suis
979 2877 1088 2940 scalas
1111 2878 1254 2940 turrium
1277 2879 1461 2963 attiqerunt

332 2900 567 3127 atAioverunm
613 3048 731 3192 prima
771 3067 883 3109 muros
919 3045 1061 3110 obtinent
1095 3042 1218 3109 venilla
1249 3043 1459 3129 pontificum,

333 3131 557 3214 ministrisque
578 3153 612 3194 ce
626 3131 740 3193 estium
762 3138 955 3193 secretorum
979 3131 1094 3213 prima
1116 3128 1307 3192 conceditur
1328 3129 1366 3194 de
1389 3128 1457 3194 celo

333 3214 483 3277 victoria.
527 3214 735 3278 Irruentibus
761 3215 867 3299 iqitur
894 3215 1025 3293 nostris,
1056 3214 1141 3278 cedit
1161 3213 1304 3276 Domino
1326 3213 1459 3278 iubente

333 3297 522 3362 multitadoi
562 3297 697 3378 infinita
729 3297 946 3382 perpauetsk,
987 3305 1016 3359 et
1054 3295 1318 3382 propuqnacula
1356 3297 1458 3362 relin-

355 3382 507 3446 uentibus
522 3379 646 3462 Grecis,
668 3383 772 3446 nostri
793 3381 951 3444 audacter
971 3380 1130 3444 militibus
1149 3389 1265 3464 portas
1288 3383 1458 3465 aperiunt.

332 3405 485 3540 boarum
513 3489 586 3529 cum
614 3467 803 3551 imperator,
834 3466 892 3549 qui
920 3486 987 3528 non
1010 3465 1130 3549 procul
1160 3487 1181 3528 a
1202 3465 1307 3528 muris
1326 3467 1363 3529 in
1386 3475 1457 3529 ten-

333 3551 429 3615 toriis
466 3550 573 3613 stabat
607 3558 772 3630 armatus,
809 3550 1058 3633 conspicaretur
1093 3550 1280 3632 inpressum
1291 3549 1310 3630 ¹,
1347 3549 1461 3614 statim

333 3636 476 3699 tentoria
509 3633 683 3718 dereliquit
717 3642 746 3697 et
770 3631 888 3718 supit,·
926 3634 1032 3697 nostri
1064 3633 1194 3696 cedibus
1232 3642 1458 3718 occupantur;

332 3720 453 3783 civitas
467 3719 603 3801 capitur
613 3717 801 3802 populosa;
824 3718 1034 3802 recipiuntur
1047 3718 1085 3779 in
1096 3715 1247 3802 palaciis
1260 3715 1460 3802 reqalibusm

333 3803 395 3888 qui
415 3809 602 3865 nostrorum
625 3823 714 3865 enses
736 3799 910 3885 effuqinnt,
939 3800 1105 3884 multaque
1127 3800 1203 3864 cede
1214 3799 1317 3882 facta
1340 3799 1460 3866 Greco-

335 3907 420 3964 rum,
443 3887 548 3948 nostri
570 3906 636 3948 sese
657 3884 861 3969 recolliqunt,
884 3884 1172 3968 advesperascente
1193 3885 1263 3947 iam
1285 3885 1338 3949 die
1361 3908 1460 3949 arma

333 4027 576 4081 malvanum.
630 4028 776 4080 b)hecB1.
834 4025 855 4078 c)
872 4029 927 4068 deest
944 4029 985 4070 01.
1048 4027 1071 4079 d)
1088 4029 1143 4067 deest
1160 4028 1215 4068 Aen.
1232 4029 1311 4081 Boua,
1327 4029 1378 4068 uit:
1394 4039 1412 4070 s.
1429 4039 1463 4070 m.

332 4093 466 4128 nostrorum
481 4097 512 4136 ις
528 4091 547 4127 es
561 4088 594 4126 ita
609 4087 718 4137 leqendum
734 4099 783 4134 esse,
800 4088 892 4127 ostendit
901 4087 984 4138 sraqm.
1000 4087 1046 4127 eod.
1065 4087 1156 4138 Oiusra
1169 4099 1192 4136 p.
1209 4088 1260 4128 219.
1320 4086 1342 4138 s)
1358 4088 1414 4127 aeus
1431 4087 1460 4127 B.

333 4146 686 4198 opermultum-nostrorum
699 4147 743 4190 des.
760 4147 800 4186 vl.
839 4145 863 4199 ις)
878 4145 1004 4187 Sewsionis
1021 4146 1062 4186 01.
1073 4147 1094 4188 8.
1125 4144 1460 4199 11)ua131.s.a1.s(ensie

333 4218 347 4246 e
361 4204 439 4256 serr.);
456 4203 650 4246 suessionensem
664 4217 691 4246 ec
707 4206 848 4246 'trecensem
859 4205 995 4255 Armssouq.
1025 4203 1043 4255 t)
1060 4204 1151 4244 lnflntte
1164 4206 1345 4246 multitudoBl.
1377 4204 1403 4257 k)
1416 4216 1461 4255 pro

335 4265 416 4316 peusis
431 4265 492 4306 codd.
553 4262 570 4315 l)
587 4266 706 4313 ingressus
722 4264 768 4304 Bl.
829 4263 927 4316 nudem
942 4265 974 4315 B,-
988 4264 1150 4314 imperialibus
1166 4264 1222 4304 Aru.
1242 4265 1311 4315 Bouq.

337 4357 366 4445 l)
378 4357 517 4484 {mim
525 4356 661 4426 passionis
671 4357 788 4422 Domini,
808 4357 826 4410 i.
838 4374 860 4411 e.
873 4357 979 4424 Iadica,
998 4375 1069 4410 anuo
1082 4359 1162 4411 1204.
1174 4357 1204 4410 in
1220 4359 1289 4411 diem
1301 4360 1344 4411 11.
1355 4357 1460 4426 Aprilis

335 4449 390 4484 mm
411 4441 441 4486 st.
