3098 4982
311 328 363 378 288
403 327 590 380 cfluouion
609 327 723 378 REGIA
744 325 994 378 COLONIENSIS.
1015 325 1117 378 CONT.
1129 327 1161 376 V.
1181 325 1213 377 A.
1226 324 1407 377 tristato.

311 507 455 581 tempore
477 505 552 581 post
572 492 742 562 concilium
765 493 957 559 celebratum
985 492 1070 557 idem
1092 515 1179 592 papa
1198 494 1286 557 misit
1306 491 1440 578 Philip-

311 602 388 665 pum
418 579 677 643 Ferrariensem⁸
707 577 842 642 electum
878 579 912 641 in
940 576 1189 659 Teuthonraml,
1225 578 1362 641 incitans
1403 585 1440 640 et

311 664 484 730 exhortans
520 662 683 749 principes
725 661 767 726 ad
808 659 991 760 eligendum
1027 683 1148 726 novum
1183 683 1303 746 regem.
1362 660 1438 741 Qui

310 747 480 813 transitum
501 745 620 812 faciens
642 747 735 809 iuxta
747 744 923 825 Coloniam,
947 745 1108 811 conductu
1116 757 1136 788 ⁰·
1151 744 1261 808 domni
1283 744 1438 829 episcopi

313 830 512 896 coloniensis
539 829 580 894 ad
607 828 840 915 lantgravium¹
870 828 1047 916 Thuringie
1076 830 1237 915 pervenit,
1268 829 1323 915 qui
1354 849 1436 892 eurn

311 914 451 1000 benigne
471 914 609 1000 recipitd
631 920 778 999 aspirans
800 913 842 977 ad
862 936 1007 998 regnum.

688 997 782 1061 Anno
805 997 937 1062 Domini
961 999 1053 1080 1246,

238 1083 398 1151 runcina
425 1081 704 1230 quadrupesimam
734 1081 864 1167 quidam
885 1081 984 1168 Apuli
1012 1082 1052 1146 de
1078 1079 1199 1146 familia
1225 1081 1436 1166 imperatoris
1513 1111 1514 1114 ¹

236 1169 302 1209 Μ·
314 1167 451 1252 depositi
477 1187 548 1229 mac
572 1167 700 1230 inantur
730 1166 765 1228 in
795 1175 931 1230 mortem
959 1165 1113 1248 eiusdem,
1149 1186 1285 1252 quorum
1317 1174 1436 1229 auctor
1513 1207 1514 1246 ,

311 1261 379 1316 erat
400 1249 606 1320 Theobaldus
625 1247 750 1335 Apulus
771 1252 979 1335 prenomine²
1001 1250 1201 1314 Franciscus.
1246 1249 1319 1330 Quo
1342 1270 1435 1312 com·
1513 1249 1514 1280 ³

334 1343 401 1398 erto
429 1335 603 1419 imperator
631 1356 690 1420 per
716 1335 934 1398 comitissam³
962 1334 1002 1400 de
1025 1334 1187 1415 Oasertae,
1221 1335 1313 1396 cuius
1343 1331 1435 1396 filius

310 1357 448 1482 duxerat
476 1416 574 1481 filiam
602 1418 803 1502 imperatoris
825 1417 1011 1500 naturalem,
1044 1440 1118 1482 cum
1144 1426 1229 1482 esset
1255 1418 1436 1502 imperator

311 1502 399 1588 apud
422 1500 612 1566 Grossetum
634 1501 789 1587 oppidum
805 1501 950 1584 Tuseief,
972 1502 1158 1567 festinanter
1179 1503 1269 1566 venit
1289 1502 1322 1564 in
1339 1499 1434 1585 Apu-

311 1585 397 1650 liam.
454 1585 549 1650 Unde
582 1588 684 1650 territi
720 1585 898 1672 proditores
935 1596 966 1651 et
1002 1587 1146 1650 consciis
1183 1584 1434 1672 conspirationis
1513 1667 1514 1672 ἵ

312 1679 424 1734 contra
444 1670 560 1755 ipsum,
583 1669 784 1735 contulerunt
799 1693 832 1734 se
852 1672 886 1734 in
901 1681 1040 1736 castrum
1055 1670 1142 1757 quod
1156 1681 1291 1735 vocatur
1301 1668 1349 1734 Oa
1374 1689 1434 1733 ua·

312 1754 391 1819 tium
401 1765 423 1836 ⁴,
447 1755 543 1819 situm
566 1756 686 1840 suprall
708 1777 807 1836 mare,
836 1755 962 1819 circiter
982 1755 1131 1820 numeroi
1154 1754 1294 1820 ducenti.
1338 1691 1434 1835 &uos

213 1855 255 1897 aa.
266 1855 301 1896 rs.
311 1840 484 1924 imperator
505 1837 626 1902 ibidem
649 1839 784 1920 obsedit,
811 1849 843 1904 et
863 1861 972 1904 mense
995 1837 1076 1904 Iulio
1100 1841 1245 1924 sequenti
1266 1837 1433 1903 redditum
1513 1875 1514 1888 κ

313 1932 361 1987 est
382 1923 412 1986 ei
442 1931 592 1986 castrum.
639 1923 881 2008 Conspiratores
907 1933 1014 1988 autem
1042 1945 1150 1989 omnes
1173 1923 1340 1988 excecavit
1364 1921 1432 2009 [et-¹¹
1513 1959 1514 1996 3

311 2016 386 2093 post
412 2004 575 2092 aliquanto
603 2016 746 2093 tempore
773 2008 1012 2097 concremavit],
1045 2029 1141 2093 super
1167 2029 1302 2094 quorum
1329 2006 1433 2091 capti-

312 2091 410 2156 vitate
433 2089 615 2155 Ooloniam¹
638 2114 655 2156 e
678 2090 805 2155 istolarn
833 2093 920 2156 misit
929 2103 950 2162 ⁵.
1036 2091 1121 2155 Ante
1149 2091 1210 2155 hoc
1237 2101 1367 2176 tempus
1395 2091 1433 2152 in
1513 2161 1514 2176 χ

190 2191 257 2230 rare.
266 2189 302 2230 ³1·
312 2174 451 2260 vigilialn
463 2174 643 2261 palmarum
654 2114 808 2240 Aenerius
817 2188 832 2218 ¹¹
847 2173 1017 2240 cardinalis
1040 2196 1113 2238 cum
1128 2175 1253 2240 civibus
1264 2175 1432 2238 Perusinis
1512 2183 1514 2192 ’

313 2269 344 2325 et
370 2257 478 2323 multis
505 2259 726 2324 adiacentibus
753 2259 882 2346 populis
914 2282 1008 2324 cruce
1042 2260 1175 2344 signatis
1204 2259 1322 2324 invasit
1342 2256 1432 2324 Fuli-
1513 2341 1514 2344 Ἴ

312 2344 424 2428 ginum
456 2343 630 2424 civitatem,
667 2367 729 2429 que
760 2343 888 2408 favebat
919 2344 1105 2442 imperatori
1137 2342 1282 2428 deposito
1290 2353 1312 2406 ⁶.
1368 2341 1431 2406 Oui

316 2436 518 2492 occurrentes
541 2427 737 2512 Fuliginates
759 2437 791 2492 et
814 2426 980 2513 Spoletanr
1001 2430 1098 2510 cives,
1121 2427 1335 2492 conflixerunt
1354 2447 1431 2490 cum

313 2513 368 2595 cis,
391 2512 504 2597 paucis
520 2512 746 2577 Teuthonicis⁰
769 2532 823 2574 eos
839 2509 1075 2594 adiuvantibus,
1099 2534 1156 2576 sex
1174 2511 1303 2576 milibus
1326 2511 1430 2660 captis

315 2595 355 2660 de
388 2597 532 2659 exercitu
560 2595 805 2676 Perusinorum3
839 2595 926 2680 quod
958 2595 1064 2660 dietus
1096 2598 1272 2682 imperator
1303 2595 1367 2659 civi
1391 2616 1430 2659 us

314 2678 579 2744 Coloniensibusl³
602 2702 661 2765 per
682 2677 848 2765 epistolam
894 2679 1029 2744 atefecit.

249 2773 302 2814 ¹⁰²2
396 2765 507 2827 Mense
529 2763 615 2827 Maio
643 2762 779 2827 domnus
809 2702 1071 2850 arcliiepiscopus
1094 2762 1293 2828 Coloniensis
1324 2762 1429 2848 predi-

313 2847 399 2910 cavit
421 2857 452 2911 et
478 2847 571 2911 iussit
591 2847 749 2932 predicari
772 2849 914 2912 crucemi
946 2859 1057 2913 contra
1083 2849 1308 2934 imperatorem
1331 2846 1427 2932 depo-

312 2931 419 3012 situm,
431 2931 517 3016 quod
528 2931 616 3017 prius
633 2931 674 2997 ab
689 2930 929 3018 archiepiscopo
941 2933 1131 3018 Moguntino
1144 2941 1175 2997 et
1185 2930 1255 2996 aliis
1268 2932 1427 3018 episcopis

314 3014 435 3078 factum
456 3014 526 3079 fuit.

397 3098 522 3164 Eodem
552 3121 636 3164 anno
663 3122 772 3164 mense
800 3101 887 3165 Maio
918 3110 950 3165 et
975 3101 1068 3165 Iunio
1097 3109 1185 3166 tanta
1212 3101 1273 3165 fuit
1294 3100 1427 3185 penuria

313 3204 438 3247 annone
479 3182 621 3266 Colonie,
657 3193 694 3248 ut
725 3207 798 3248 raro
831 3185 923 3270 panis
960 3185 1157 3250 inveniretur
1191 3183 1323 3248 venalis.
1386 3184 1428 3248 Et

312 3267 345 3332 id
382 3279 443 3332 eo‘t
475 3268 652 3349 acciderat,
685 3269 761 3353 quia
791 3269 876 3332 cives
915 3277 1106 3351 statuerant,
1145 3269 1232 3354 quod
1269 3267 1427 3332 maldrum

314 3392 337 3444 a)
352 3395 474 3436 Ferrarius
491 3396 541 3435 Dr.
601 3392 625 3444 b)
642 3395 780 3435 Teutontam
797 3396 845 3436 Da.
907 3391 927 3446 c)
943 3395 1080 3435 conductum
1096 3394 1175 3436 ont.
1236 3395 1259 3447 cl)
1276 3395 1426 3445 recepitur.

313 3453 336 3505 s)
353 3454 449 3494 caserta
464 3455 511 3497 Da.
557 3451 676 3504 i)'1'husc.
694 3455 742 3495 Da.
789 3451 812 3505 g)
829 3465 907 3503 consp.
924 3465 943 3495 c.
959 3454 1007 3494 132.
1052 3451 1222 3504 ὴ>ειῳθτῦ2
1268 3453 1285 3505 i)
1303 3454 1424 3495 aaaron

273 3563 275 3569 s
312 3511 338 3564 k)
354 3517 377 3552 st
394 3535 418 3543 -
437 3513 593 3553 concremavit
607 3513 649 3553 der.
665 3511 686 3552 D
696 3516 720 3561 13
730 3513 828 3562 sortasse
839 3517 890 3562 post
906 3517 1006 3552 castrum
1020 3513 1129 3562 ponenda.
1168 3511 1186 3564 1)
1203 3513 1381 3554 coloniensibus
1396 3524 1423 3554 m.

313 3583 348 3622 ap.
364 3572 412 3613 Di.
472 3572 505 3624 m)
520 3574 546 3612 tn
562 3575 628 3612 sexta
643 3583 665 3622 p.
683 3573 733 3612 Dl.
794 3569 818 3622 n)
835 3571 939 3612 Renerus
954 3572 1004 3612 122.
1066 3569 1425 3623 0>Theuton.1>2pnmnqva

313 3630 337 3682 p)
354 3642 396 3680 per
417 3642 454 3682 ep.
477 3632 527 3672 001.
544 3631 593 3672 Da.
654 3628 678 3682 q)
694 3632 746 3671 ideo
763 3631 912 3672 accidiam.

315 3725 343 3793 1)
362 3724 520 3778 Heinricum
539 3726 638 3792 Bospa-
659 3725 709 3794 uA.
784 3727 813 3792 2)
834 3725 896 3777 Non
915 3726 1067 3789 Francisco,
1096 3727 1144 3778 sed
1173 3726 1323 3778 Theobaldo
1350 3743 1425 3793 prae-

312 3817 407 3851 nomen
420 3800 481 3866 fnit
499 3803 602 3852 auctori
621 3798 820 3863 coniurationis,
840 3817 864 3853 a.
884 3799 1006 3852 Barthol.
1026 3800 1093 3862 Son,
1113 3798 1163 3851 SS.
1185 3799 1298 3862 XVIII,
1314 3817 1343 3866 p.
1365 3801 1424 3852 220.

314 3882 337 3925 et
362 3889 421 3940 epp.
447 3872 588 3936 Friderici,
613 3873 849 3924 Hailiard-Brili.
880 3873 927 3938 VI,
952 3873 1014 3926 402.
1034 3875 1097 3924 442.
1142 3871 1169 3924 0.
1262 3870 1292 3937 3)
1317 3871 1424 3924 Consan-

313 3947 381 3997 tiunt
406 3947 549 3998 Minoritae
574 3946 724 3998 Fdrrentini
750 3945 830 3997 Gesta
857 3945 958 4013 imper„
985 3946 1035 3999 ΒΕ.
1061 3946 1155 3998 XXII„
1177 3963 1208 4012 p.
1235 3947 1296 3997 514.
1340 3946 1424 3998 Maior

306 4019 426 4084 fontium
451 4037 520 4086 pars
552 4021 667 4072 comitem
698 4021 731 4071 de
764 4018 872 4070 Oaserta
910 4021 1131 4086 conspirationem
1167 4019 1296 4072 detexisse
1327 4020 1421 4082 dieunt,

313 4111 339 4145 c.
358 4091 564 4156 satiri-maner,
595 4092 702 4144 ‘Kaisar
730 4092 877 4144 Friedriclr'
904 4093 924 4146 I
928 4093 958 4157 V,
982 4111 1014 4160 p.
1043 4095 1106 4144 421.
1129 4092 1156 4144 0.
1231 4093 1261 4159 4)
1291 4090 1421 4160 Capaneia.

315 4164 344 4233 5)
364 4163 427 4217 Sina
452 4168 532 4219 dnbio
557 4166 668 4218 similem
690 4165 739 4230 iiii,
770 4183 838 4230 quac
862 4167 898 4219 ad
917 4165 1058 4232 Alfenam
1083 4166 1152 4234 repis
1171 4166 1307 4219 Francius
1326 4168 1422 4233 primo·

310 4238 430 4306 penitam
449 4241 549 4292 directa
569 4241 665 4309 tepitur
683 4241 765 4307 apud*
778 4239 886 4291 Petram
905 4241 937 4292 de
964 4241 1047 4292 Vinea
1067 4241 1108 4304 II,
1129 4241 1172 4290 20.
1205 4240 1238 4292 A.
1314 4241 1343 4305 6)
1363 4239 1422 4292 Vade

314 4311 450 4378 epistolam
469 4314 634 4380 imperatoris
654 4331 698 4380 ap.
718 4314 826 4364 Petrum
844 4315 877 4365 dc
898 4313 981 4366 Vinea
1001 4315 1041 4380 II,
1062 4315 1107 4366 21.
1145 4313 1179 4366 Α.
