2988 5058
308 372 362 422 338
517 371 671 423 MARTINI
691 371 939 425 CONTINUATIO
959 369 1216 424 communale.

309 541 397 627 quod
429 549 599 626 propterea
627 540 848 625 properaverit
870 541 962 605 Deus
995 540 1131 604 educere
1155 561 1229 602 erem
1259 538 1313 601 de
1350 537 1462 600 medie

310 628 360 690 tui
382 627 531 689 uitatem.

237 747 302 788 ran.
361 649 380 711 q
397 710 486 795 Papa
503 728 630 796 quoque
647 705 796 771 Clemens
810 706 848 771 V.
864 719 937 792 post
952 711 1013 772 hoc
1027 706 1178 788 deccssit;
1201 707 1259 769 cui
1276 703 1459 769 Iohanne

236 824 302 867 ηις,
312 794 423 859 XXII.
446 814 532 880 papa
553 793 717 855 successit.

549 875 801 956 Fridericus,
823 874 939 938 filins
961 875 1188 940 Adalberti.

311 961 406 1027 Anno
436 961 569 1024 Domini
604 960 701 1041 1314,
734 958 833 1024 Urbis
865 981 941 1024 vero
975 957 1103 1024 condite
1135 959 1229 1036 2152,
1267 957 1471 1044 principes

312 1045 485 1110 Germanic
512 1054 748 1130 postmortem
776 1043 921 1108 Heinrici
953 1045 1155 1130 imperatoris
1187 1043 1219 1104 in
1249 1041 1471 1106 eleccione*

310 1131 397 1215 regis
419 1129 654 1194 discordabant.
699 1127 873 1192 Heinricus
894 1128 1093 1215 archiepisco
1118 1151 1155 1191 ns
1174 1124 1404 1192 Coloniensis
1428 1134 1454 1188 et

311 1213 467 1279 Rudolfus
503 1235 610 1276 comes
647 1211 806 1298 palatinus
842 1211 890 1277 ele
914 1223 1008 1278 erunt
1039 1151 1240 1276 Fridericum
1276 1209 1471 1302 illustrem,

312 1299 428 1363 ducem
443 1298 583 1377 Austris,
604 1296 705 1360 filiurn
726 1298 810 1381 regis
826 1235 1000 1378 audberti,
1022 1309 1172 1383 nepotem
1185 1294 1325 1360 Rodolfi
1350 1294 1451 1378 regis,
1470 1311 1471 1380 ᾗ

236 1384 369 1468 rarequi
391 1391 423 1446 et
440 1383 485 1446 ab
500 1381 652 1445 Heinrico
673 1381 915 1467 archiepiscopo
933 1380 1117 1447 Coloniensi
1130 1382 1245 1444 Bunne
1268 1381 1307 1443 in
1332 1401 1448 1464 regem
1470 1383 1471 1450 f

313 1475 363 1531 est
393 1475 611 1546 consecratus,
647 1465 703 1529 atb
725 1466 839 1530 Petrus
865 1466 1073 1550 lllaguntinus
1106 1465 1389 1549 archiepiscopus
1420 1465 1471 1527 et*

313 1549 537 1614 Baldewinusc
558 1549 765 1614 Trebcrensis
784 1549 1058 1636 archiepiscopus,
1081 1551 1178 1615 frater
1199 1549 1363 1613 Heinrici
1387 1549 1445 1612 im·

337 1634 479 1715 cratoris,
508 1643 540 1697 et
566 1633 725 1698 Iohannes
752 1656 810 1698 rex
838 1634 1001 1715 Bohemie,
1035 1633 1119 1699 filius
1147 1635 1376 1721 imperatoris,
1415 1635 1445 1695 in

312 1657 543 1784 luodewicum‘¹
558 1719 717 1802 insignem
732 1717 847 1783 ducem
858 1718 1014 1799 Bavvarie,
1034 1729 1183 1804 nepotem
1197 1719 1287 1803 regis
1310 1715 1444 1782 Rudolli

314 1827 357 1867 ex
371 1802 446 1883 filia,
470 1802 709 1884 concordantes,
725 1823 834 1886 regern
850 1800 1022 1887 elegerunt.
1060 1805 1185 1867 Interea
1200 1825 1277 1866 cnm
1292 1803 1441 1867 fautores

313 1887 488 1954 electorum
521 1887 642 1972 rapinis
674 1887 909 1973 incendiisque,
949 1910 1011 1973 que
1043 1887 1253 1952 adversarum
1287 1889 1440 1973 parcium

313 1982 412 2054 erant,
448 1993 506 2118 pro
540 1993 635 2057 posse
671 1969 791 2056 ubique
824 1971 1037 2052 devastarent,
1070 1971 1264 2036 Ludowicus
1303 1971 1437 2035 tandem

314 2066 425 2120 contra
474 2055 646 2120 ridericum
674 2076 748 2118 cum
774 2077 891 2139 magno
919 2057 1065 2121 exercitu
1087 2059 1188 2137 venit3
1219 2058 1273 2118 cui
1301 2053 1436 2120 nichilo·

313 2141 419 2203 minus
441 2139 630 2204 Lodowiens
653 2141 783 2204 obviam
810 2161 883 2203 cum
911 2139 1050 2224 plurima
1075 2139 1205 2224 sequela
1233 2151 1433 2204 armatorum

315 2224 468 2307 occurrit3
504 2245 613 2310 pugna
648 2224 756 2309 itaque
792 2225 943 2305 comissa,
979 2224 1164 2289 Fridericus
1199 2246 1219 2287 a
1254 2223 1432 2288 Lodowico

238 2328 304 2370 aare.
315 2310 441 2395 capitur
470 2316 501 2372 et
532 2309 567 2371 in
587 2307 718 2370 vincula
746 2309 935 2390 conicitur0,
973 2319 1006 2373 et
1034 2309 1126 2372 multi
1158 2308 1280 2393 captivi
1311 2309 1431 2374 ibidem

314 2393 551 2459 abstrahuntur.
590 2390 734 2476 Contigit
748 2400 856 2455 autem
879 2392 961 2457 inter
981 2393 1143 2492 predictos
1159 2391 1327 2478 quoddam
1344 2394 1431 2457 mira·

314 2476 377 2543 bile
400 2499 420 2540 e
442 2475 549 2541 seculo
576 2498 641 2539 non
668 2476 822 2540 auditum.
866 2477 1050 2542 Fridencus
1078 2477 1164 2540 enim
1189 2485 1262 2560 post
1291 2489 1429 2540 annnm¹

314 2561 462 2647 pecunia,
485 2559 653 2624 obsidibus
676 2559 814 2624 castellis
837 2561 967 2625 minime
990 2559 1216 2642 mediantibus,
1244 2561 1430 2646 captivitate

315 2645 495 2710 absolvitur
517 2655 549 2708 et
570 2655 605 2708 ut
626 2643 811 2709 fidelitatem
833 2644 1054 2709 tantummodo
1069 2644 1241 2708 Lodowico
1264 2647 1430 2730 promittat

314 2730 477 2793 invitatur.
532 2728 639 2807 Quam
671 2727 938 2814 pollicitacionem
965 2730 1149 2795 Fridericus
1181 2736 1301 2793 extunc
1331 2753 1429 2817 usqne

313 2834 401 2877 nunc
432 2811 606 2877 efficaciter
637 2813 821 2898 exequitur,
857 2823 889 2878 et
920 2824 995 2879 sunt
1023 2815 1069 2878 sic
1101 2813 1177 2877 facti
1209 2813 1308 2876 amici
1343 2815 1429 2900 quasi

313 2897 430 2961 fratres
451 2898 606 2982 germani.

399 2981 526 3046 Interea
547 2982 692 3066 pontifex
713 2980 877 3044 Romanus
900 2980 1059 3046 Iohannes
1082 2981 1194 3046 XXII.
1222 3003 1281 3067 per
1306 3003 1427 3046 omnen

315 3064 525 3129 Germaniam
540 3065 749 3130 Lodowicum
771 3066 1012 3128 excomunicari
1033 3067 1179 3152 precepit
1200 3076 1231 3129 et
1252 3087 1293 3129 ne
1317 3063 1362 3130 ali
1387 3067 1427 3130 uis

315 3171 391 3214 eum
426 3151 515 3235 regio
551 3151 679 3213 nomine
711 3146 762 3212 vel
794 3148 914 3213 honore
944 3159 1113 3214 veneretur
1143 3149 1315 3214 interdicit.
1403 3151 1426 3212 ic

316 3233 419 3297 eciam
441 3234 678 3319 papaWienne
701 3233 871 3297 concilium
894 3232 1069 3315 celebrans,
1091 3234 1340 3298 constituciones
1363 3257 1425 3320 pre-

315 3317 495 3385 decessoris
525 3319 576 3381 sui
599 3316 772 3382 Clementis
794 3317 833 3381 V.
862 3319 896 3380 in
923 3318 1024 3382 lacius
1050 3317 1264 3404 provulgavit.
1307 3316 1375 3382 Ubi
1401 3328 1426 3383 et

313 3401 433 3466 festum
462 3402 636 3466 eukaristie
668 3400 709 3464 ab
732 3399 864 3466 Urbano
894 3423 980 3487 papa
1000 3402 1058 3466 IV.
1087 3411 1240 3466 statutum
1273 3411 1306 3466 et
1331 3423 1425 3488 usquc

314 3485 359 3550 ad
385 3509 420 3551 se
449 3485 631 3571 neglectum
659 3482 865 3570 solempniter
891 3484 1046 3550 celebrari
1078 3487 1252 3550 constituit.
1296 3485 1424 3551 Canoni-

314 3570 421 3635 savit²
444 3592 571 3656 quoque
598 3580 631 3635 et
651 3578 798 3633 sanctum
819 3568 977 3633 Thomam
1006 3569 1045 3634 de
1067 3567 1196 3655 Aquino
1225 3569 1345 3634 ordinis
1371 3571 1423 3634 fra-
1470 3637 1471 3642 ,

313 3662 400 3718 trum
423 3654 674 3736 Predicatorum,
713 3675 765 3716 ma
788 3675 864 3717 num
897 3653 1071 3736 doctorem,
1103 3654 1284 3719 auditorem
1312 3654 1423 3719 domini

315 3737 440 3803 Alberti
461 3737 644 3821 Alamanni,
681 3675 842 3823 quondam
864 3737 1108 3824 Ratisponensis
1142 3739 1295 3824 episcopi,
1325 3738 1422 3803 condi·

315 3831 419 3886 torem
441 3820 614 3886 multorum
637 3821 874 3908 opusculorum.

402 3907 463 3970 Per
494 3905 579 3971 idem
612 3915 738 3991 tempus
769 3905 1017 3970 Rodestedensis
1056 3906 1163 3971 insula
1195 3928 1215 3970 a
1247 3905 1421 3972 Sarracenis

314 3998 474 4077 occupata
506 3999 538 4055 et
569 3988 692 4077 aliquot
725 3991 815 4054 annis
847 3989 889 4054 ab
922 3989 1043 4055 eisdem
1076 3991 1205 4057 detenta
1233 3989 1260 4055 a
1281 3990 1420 4058 fratribus

314 4207 340 4260 a)
356 4209 483 4251 allencione
498 4221 516 4250 c.
547 4206 571 4261 b)
589 4207 680 4263 ac('l)c.
711 4209 733 4263 c)
748 4209 897 4250 Baldewnius
912 4221 931 4251 c.
966 4207 989 4262 d)
1006 4211 1168 4252 Leodewicnm
1184 4221 1202 4250 r.
1233 4209 1255 4255 el
1271 4211 1420 4251 conviatore.

316 4381 345 4444 1)
359 4378 436 4431 Auno
450 4380 554 4432 demum
571 4379 650 4428 1325.
664 4377 819 4430 Friderieus
833 4397 846 4430 e
859 4379 972 4432 uinculis
985 4379 1110 4432 dimissus
1123 4387 1169 4432 est.
1221 4376 1250 4443 2)
1264 4376 1338 4429 Auno
1350 4380 1419 4431 1323.
