3122 4978
274 327 328 376 148
404 324 591 376 CHRONIOA
610 323 722 375 REGIA
743 322 998 376 communale.
1018 323 1123 376 CONT.
1142 326 1174 378 A.
1196 327 1276 378 1190.

681 496 843 551 Receasio
864 498 887 550 I.
910 507 935 550 et
952 498 995 549 II.

275 587 395 654 crebris
410 585 672 651 inundationibus
687 583 801 670 plenus
816 583 886 649 fuit.
968 584 1008 647 In
1024 584 1208 671 Septembri
1222 588 1394 674 Philippus

273 670 566 737 comesFlandriae
589 691 663 733 cum
685 671 830 733 inmenso
852 676 1011 754 apparatu
1034 680 1065 734 et
1080 669 1207 734 diviciis
1229 672 1336 736 incom
1361 695 1395 736 a·

274 755 430 822 rabilibus
452 757 512 820 iter
533 753 574 818 ad
596 752 801 852 sepulchrum
816 753 948 816 Domini
965 753 1109 838 arripuit.
1196 696 1394 822 &odefridus

274 841 342 905 dux
365 839 559 903 Brabantiae
581 837 690 902 obi1t*.
775 836 814 899 In
835 857 945 900 mense
965 835 1143 902 Novembri
1164 861 1222 904 rex
1249 842 1283 903 in
1303 841 1395 926 Apu-

274 924 352 989 liam
384 923 614 1009 proficiscitur3
652 920 709 985 sed
744 920 855 986 audita
890 929 992 985 morte
1029 924 1129 1007 patris
1160 932 1191 988 et
1226 924 1395 990 Ludevvici

274 1007 454 1093 lantgravii,
477 1005 702 1072 Coloniensem
730 1004 1010 1090 archiepiscopum
1038 1009 1236 1091 premittens,
1268 1010 1396 1094 ipsein

258 1092 508 1177 *Thuringiama
544 1089 776 1176 proficiscitur,
823 1111 894 1153 eam
933 1089 995 1154 sibi
1032 1090 1178 1155 subicere
1214 1103 1394 1179 temptans3

275 1186 389 1264 postea
415 1176 543 1240 tamenb
570 1174 660 1238 fratri
687 1174 789 1259 ipsius
820 1174 927 1236 omnia
952 1175 1150 1259 permittens,
1179 1177 1212 1239 in
1240 1177 1395 1264 Apuliam

275 1260 389 1326 tendit.
475 1259 681 1343 Signatorum
719 1257 869 1342 plurimi⁰
901 1256 942 1321 de
978 1260 1144 1324 maritimis
1179 1272 1393 1330 revertuntur.

275 1343 444 1429 Philippus
466 1366 525 1408 rex
545 1342 703 1406 Francius
732 1350 763 1405 et
784 1340 963 1405 Richardus
984 1365 1044 1406 rex
1065 1344 1203 1428 Angliae
1231 1367 1305 1410 cum
1327 1347 1394 1411 suis

276 1427 471 1494 exercitibus
509 1428 543 1490 in
576 1426 816 1511 expeditionem
848 1427 1061 1510 accinguntur
1097 1439 1128 1492 et
1160 1428 1193 1490 in
1225 1431 1395 1496 maritimis

275 1511 438 1576 hiemandi
458 1511 562 1596 gratia
584 1509 797 1575 demorantur.
894 1509 1090 1575 Godefridus
1114 1511 1394 1599 Wirceburgensis

277 1595 448 1682 episcopus
471 1594 560 1659 obiit.
1234 1609 1238 1612 ·

363 1679 507 1744 Vidensd
534 1701 593 1743 rex
616 1677 761 1759 Greciae,
795 1687 950 1764 quantum
979 1679 1122 1743 interra
1152 1690 1182 1745 et
1207 1680 1392 1747 hominibus

277 1765 504 1829 detrimentum
531 1785 591 1850 per
621 1763 845 1847 imperatorem
879 1771 911 1826 et
943 1764 1075 1828 comites
1110 1765 1179 1828 eius
1212 1767 1393 1849 sustineret,

277 1847 386 1913 multis
408 1849 514 1912 missis
536 1847 660 1910 nunciis
682 1847 739 1911 vix
764 1845 895 1910 tandem
917 1868 1031 1931 pacem
1061 1848 1102 1913 ab
1131 1870 1169 1912 eo
1198 1849 1394 1933 impetravit,

277 1931 334 1997 tali
361 1931 602 2017 compositione,
640 1939 675 1994 ut
705 1929 735 1993 le
758 1940 828 1994 atos
857 1931 926 1994 eius
956 1930 1131 1996 honorifice
1162 1936 1336 2018 remitteret
1363 1944 1397 1999 et

277 2017 407 2102 navigia
428 2015 471 2080 ad
491 2013 719 2081 transeundum
735 1953 910 2078 brachium
928 2017 1030 2080 sancti
1052 2013 1186 2101 Georgii
1200 2018 1396 2102 provideret,

277 2100 448 2186 Huiusque
463 2101 509 2164 rei
525 2097 654 2164 obsides
670 2100 731 2163 24¹
756 2121 798 2163 ex
820 2100 950 2184 optimis
966 2111 1069 2164 terrae
1092 2121 1165 2163 cum
1181 2101 1274 2165 donis
1296 2103 1395 2188 regiis

278 2185 309 2248 ei
340 2185 525 2248 transmisit.
611 2183 790 2267 Imperator
824 2193 933 2247 autem
969 2185 1194 2269 compositioni
1227 2209 1394 2250 assensum

278 2268 355 2333 dare
377 2267 489 2350 noluit,
524 2267 588 2330 nisi
610 2276 642 2330 et
663 2268 773 2330 nuncii
801 2265 925 2330 soldani
955 2290 1028 2331 cum
1057 2268 1122 2332 suis
1149 2269 1393 2336 dimitterentur.

278 2352 376 2432 Quod
398 2359 430 2415 et
449 2351 569 2415 factum
592 2361 649 2415 est.
704 2349 786 2414 Cum
808 2351 906 2435 igitur
933 2351 1088 2415 custodiis
1115 2351 1309 2436 laxarentur,
1340 2355 1396 2419 da-

278 2447 330 2500 tae
363 2443 438 2500 sunt
470 2436 515 2498 eis
549 2434 655 2498 claves
692 2435 834 2498 omnium
870 2435 1103 2518 custodiarum,
1138 2440 1395 2524 permissumque

278 2527 346 2584 est⁰
368 2517 517 2583 omnibus
539 2519 719 2583 christianis
740 2516 840 2582 libere
863 2519 961 2583 exire.
1011 2519 1222 2586 Venientibus
1250 2544 1325 2607 ergo
1348 2545 1395 2589 ers

278 2604 382 2666 omnis
397 2604 555 2667 exereitus
576 2600 664 2666 velut
686 2601 726 2666 de
747 2603 996 2667 resurrectiones
1010 2607 1152 2752 acceptis
1169 2628 1294 2671 summo
1316 2629 1395 2693 gau-

277 2685 332 2750 dio
369 2688 500 2754 obviam
535 2686 703 2784 processit.
754 2685 839 2750 Cum
870 2697 978 2752 autern
1010 2687 1052 2754 ad
1115 2689 1259 2754 rachium
1292 2692 1395 2757 sancti

279 2769 414 2856 Georgii
445 2771 635 2834 transituri&
657 2768 865 2856 applicarent,
898 2794 958 2836 rex
980 2772 1117 2838 Greciae
1138 2775 1202 2838 300
1227 2775 1394 2860 galeidasl

151 2874 220 2916 narr.
230 2874 266 2916 aa.
277 2877 376 2940 supra
397 2855 591 2940 promissum
614 2855 659 2919 eis
681 2854 838 2919 exhibuit.
881 2856 921 2919 In
938 2877 1017 2921 cena
1032 2856 1165 2922 Domini
1188 2869 1219 2924 et
1239 2881 1298 2944 per
1320 2880 1394 2923 con·

276 2939 424 3003 tinuos‘l
447 2938 515 3003 dies
544 2937 612 3002 dux
634 2937 771 3003 Sueviae
797 2959 870 3003 cum
899 2942 987 3004 omni
1013 2941 1216 3007 multitudine
1238 2943 1394 3008 transivit.

153 3042 219 3085 nare.
232 3041 266 3082 aa
277 3021 402 3088 Octavo
426 3021 555 3087 demum
582 3023 634 3088 die
655 3024 829 3108 imperator
856 3026 1050 3089 transiturus
1079 3025 1255 3111 procedere
1282 3025 1394 3110 noluit,

275 3108 337 3170 nisi
350 3108 439 3192 prius
456 3128 565 3170 omnes
581 3129 738 3192 pauperes
760 3109 947 3193 peregrinos
961 3117 1159 3174 transvectos
1175 3111 1393 3195 cognovisset3

275 3199 308 3256 et
328 3189 458 3257 tandem
480 3192 549 3277 ipse
571 3192 604 3254 in
626 3191 702 3255 navi
721 3192 811 3338 regia
826 3202 1033 3275 transmeans,
1057 3214 1131 3257 cum
1145 3193 1188 3257 ad
1202 3217 1278 3258 suos
1293 3204 1395 3260 trans·

275 3311 276 3314 ¹
299 3277 398 3341 ositus
421 3285 513 3354 esset,
537 3277 666 3360 gavisus
681 3275 757 3340 inO
781 3277 859 3340 risto
882 3285 914 3340 et
929 3277 1111 3341 confortans
1134 3279 1311 3343 exercitum
1333 3280 1392 3344 ait:

274 3366 282 3398 ‘
315 3369 424 3440 ratres,
461 3359 686 3424 confortamini
718 3370 750 3424 et
783 3359 943 3441 confidite,
981 3361 1084 3425 omnis
1111 3371 1196 3426 terra
1228 3363 1261 3425 in
1295 3385 1393 3428 manu

274 3451 383 3507 nostra
404 3445 478 3508 estl’
521 3443 687 3507 Hactenus
709 3443 866 3507 vehiculis
887 3446 1067 3509 necessaria
1089 3446 1320 3530 deportabant;
1350 3470 1393 3512 ex

274 3525 336 3590 hoc
356 3528 436 3590 iarni
460 3527 639 3591 summariis
658 3527 709 3592 usi
725 3536 808 3591 sunt.
851 3527 1000 3593 Transito
1016 3551 1155 3615 namque
1171 3531 1261 3613 mari,
1284 3531 1392 3596 statim

274 3611 309 3673 in
331 3622 481 3675 montana
502 3619 661 3675 venerunt
681 3619 778 3696 atque
799 3611 833 3674 in
855 3633 972 3711 magna
993 3613 1096 3678 victus
1142 3615 1254 3678 enuria
1274 3615 1392 3678 Roma·

274 3696 363 3757 niam
384 3695 587 3758 transierunt.
620 3693 769 3780 Cumque
784 3708 1081 3794 appropinquarent
1092 3635 1395 3784 Pliladelphiaekr,

274 3779 426 3864 princeps
454 3779 593 3843 civitatis
626 3778 725 3862 peciit
756 3778 797 3842 ab
830 3793 1036 3865 1mperatore,
1072 3804 1113 3846 ne
1144 3803 1218 3845 cum
1250 3784 1394 3848 exercitu

363 3939 392 4006 *)
412 3943 456 3992 cui
474 3939 545 3991 filius
566 3943 622 3992 eius
642 3942 786 3993 Heinricus
806 3942 930 3994 succedit
949 3943 1013 3995 add.
1036 3942 1088 3996 02.

277 4054 301 4108 a)
319 4056 509 4106 'rhunngraeu
593 4056 616 4110 b)
631 4060 687 4100 deest
703 4062 746 4102 01.
835 4057 857 4110 c)
873 4060 975 4110 plurima
991 4062 1037 4102 01.
1113 4061 1240 4112 invidens
1258 4087 1282 4094 -
1300 4075 1320 4108 a.
1339 4065 1394 4105 1191

277 4115 349 4169 (infra
361 4127 386 4165 φ.
397 4116 449 4166 152)
465 4118 507 4161 des.
523 4117 569 4166 ΑΒ,
579 4118 637 4168 folio
653 4120 736 4170 iateyro
746 4120 796 4169 scre
811 4129 879 4158 vacuo
894 4120 974 4160 rutero.
1007 4121 1092 4170 aldeeat
1108 4122 1154 4162 Β1.
1187 4119 1330 4172 Orcsurect.
1346 4124 1394 4166 Bl.

276 4173 299 4226 g)
316 4177 419 4215 transsit.
434 4177 481 4218 Β1.
555 4176 579 4228 h)
594 4179 684 4228 gallea·
701 4181 742 4220 01.
761 4181 782 4220 2.
856 4175 873 4228 1)
890 4178 933 4218 hoc
949 4179 1087 4220 animalibus
1108 4182 1239 4221 summariis
1260 4182 1330 4234 (libus
1345 4193 1397 4223 sum

276 4232 370 4283 eeorr.)
387 4235 429 4276 01.
490 4234 514 4287 k)
531 4238 706 4290 Phyladelphye
721 4239 774 4287 1315
790 4237 1012 4288 Phyladelphtet'l.

266 4327 306 4394 ’1)
327 4330 370 4381 18.
392 4330 544 4386 dacbertus.
620 4332 650 4398 2)
669 4333 759 4385 Hodie
777 4332 932 4384 Alaachchr.
