3126 4976
283 359 335 408 108
484 357 669 411 CHRONICA
689 358 801 410 REGIA
821 358 1064 412 COLONIENSIS
1083 359 1114 409 A.
1135 358 1215 409 1161.

654 531 815 583 Recensio
838 531 859 582 Ῑ.
879 533 973 586 codd.
993 533 1026 584 A.

284 620 373 702 horit,
395 620 524 683 nomine
547 616 749 684 Uodalricus.
792 631 850 692 Quo
878 631 1054 682 Cremonam¹
1083 631 1117 681 ad
1144 633 1244 682 curiam
1270 633 1402 698 perducto

285 715 312 761 et
330 711 364 760 ab
384 714 545 776 imperatore
570 705 706 774 regalibus
731 709 866 770 investito,
892 725 953 762 cum
977 709 1147 776 sponsionem
1174 711 1199 760 ei
1225 709 1344 772 fecisset,
1371 726 1401 762 se

285 783 382 834 domno
402 799 489 850 papae
510 783 614 834 Victori
633 781 801 833 obediturum
828 787 855 832 et
883 783 918 833 ad
937 784 1024 849 ipsum
1043 798 1073 833 se
1092 785 1183 834 statim
1202 784 1309 847 iturum,
1328 783 1400 834 infir·

283 859 403 908 mitatem
423 855 552 908 simulans
572 861 599 907 et
613 872 660 922 per
670 855 773 906 Padum
792 854 939 906 fluvium
958 857 1067 921 navigio
1082 855 1260 922 descendeus,
1274 856 1401 922 neglecto

283 946 363 1000 papa,
383 931 429 996 qui
448 935 511 980 tunc
531 931 603 998 apud
614 930 728 994 Regium
742 929 904 990 morabatur,
918 930 1080 995 pertransiit.
1119 930 1269 981 Miserat
1287 937 1399 982 autem

282 1005 471 1070 imperator
491 1019 561 1054 cum
582 1018 620 1054 eo
640 1002 795 1068 legatum
815 1001 925 1054 sunm²
945 1002 1117 1069 simulque
1132 1003 1290 1054 Heinricnm
1304 1003 1400 1055 ducem

284 1077 423 1141 [illustrem
431 1075 454 1144 ³]
475 1077 625 1128 Karintiae.
663 1076 715 1138 Qui
735 1091 795 1127 cum
814 1091 907 1127 versus
919 1075 1071 1141 Aquileiam
1085 1079 1136 1128 iter
1148 1082 1278 1142 tenerent,
1298 1082 1401 1128 mutata

283 1152 464 1202 societate
483 1149 637 1216 patriarcha
661 1164 721 1198 cum
740 1148 831 1214 legato
854 1151 1023 1216 imperatoris
1046 1165 1140 1202 versus
1158 1149 1327 1203 Tarvisium³
1352 1165 1401 1217 per

282 1223 395 1292 paludes
414 1225 553 1288 girabant,
573 1223 627 1274 dux
645 1238 709 1273 vero
729 1228 836 1288 ceptum
854 1224 906 1273 iter
924 1238 1066 1289 peragens,
1087 1239 1147 1274 cum
1168 1239 1260 1275 omnes
1279 1225 1321 1275 sui
1338 1224 1401 1276 forti

282 1298 391 1362 navigio
402 1297 570 1360 veherentur,
588 1298 647 1363 ipse
666 1298 694 1346 iu
713 1297 847 1359 navicula,
867 1302 1025 1362 segregatus
1044 1313 1061 1346 a
1079 1299 1134 1348 suis
1154 1297 1286 1360 omnibns,
1306 1313 1401 1364 aqna·

282 1376 343 1422 tuor
366 1371 454 1422 nautis
480 1371 590 1421 Venetis
613 1369 757 1420 serebatur.
811 1369 931 1434 Cumque
956 1375 1060 1436 portum
1085 1371 1256 1421 transfretare
1281 1369 1402 1432 deberet,

282 1443 330 1494 ubi
349 1445 446 1494 flumen
464 1443 660 1494 Taliamentum
680 1445 708 1492 in
728 1458 800 1492 mare
821 1442 988 1507 decurrebat,
1005 1444 1169 1494 estuantibus
1183 1443 1261 1495 undis
1275 1459 1308 1494 ex
1325 1443 1400 1495 colli·

283 1518 358 1568 sione
379 1518 458 1568 maris
480 1521 506 1568 et
525 1518 671 1567 fluminis
690 1517 800 1582 impetu,
827 1515 880 1566 dux
905 1516 952 1566 ille
971 1515 1080 1567 inclitus
1101 1533 1160 1567 cnm
1179 1519 1236 1568 vita
1254 1518 1354 1584 pariter
1374 1523 1402 1568 et

283 1591 346 1640 navi
371 1590 469 1657 pelago
496 1596 537 1641 est
560 1589 722 1640 involutum.
761 1589 783 1641 Ο
810 1590 984 1640 infortunium
1010 1589 1177 1640 miserabile!
1204 1591 1289 1652 Quem
1314 1605 1400 1657 nuper

283 1665 392 1714 missum
412 1665 440 1714 in
467 1664 591 1715 Greciam
617 1663 681 1714 ioris
706 1669 746 1713 tot
772 1669 863 1714 extera
889 1663 972 1713 maria
997 1669 1178 1724 servaverant,
1198 1663 1270 1714 domi
1297 1665 1400 1730 patriae

284 1738 383 1788 humen
402 1737 553 1802 absorbuit;
573 1738 619 1802 qni
638 1753 655 1786 a
674 1737 746 1786 ritae
767 1735 907 1787 cunabulis
923 1752 1058 1802 nunqnam
1084 1753 1101 1786 a
1126 1738 1180 1788 suis
1206 1736 1279 1788 solus
1300 1742 1340 1788 est
1358 1738 1400 1786 in·

283 1816 388 1874 venun,
407 1812 435 1860 in
455 1811 546 1862 mortis
565 1808 690 1860 navicula
710 1811 828 1860 omniurn
846 1826 954 1861 suorum
973 1811 1068 1861 unicus
1087 1811 1165 1862 morti
1185 1817 1226 1862 est
1239 1807 1399 1877 deputatus!

283 1884 346 1934 Dux
365 1886 455 1950 itaque
475 1899 571 1935 norem
591 1883 686 1934 diebus
704 1883 753 1934 suh
773 1899 844 1950 aqua
862 1883 1005 1946 volutatus,
1025 1883 1132 1936 decima
1147 1900 1164 1934 a
1183 1884 1296 1935 Venetis
1308 1899 1401 1950 rsper-

283 1959 326 2008 tus
345 1959 419 2008 etin
438 1958 547 2008 civitate
567 1973 636 2022 qnae
657 1955 808 2022 Caberloge
828 1958 926 2008 dicitur
945 1957 1064 2023 sepultus
1085 1962 1133 2021 est,
1151 1962 1194 2008 set
1212 1972 1260 2024 per
1275 1959 1400 2008 comiteur

283 2030 453 2097 Aquileyae⁵
480 2037 534 2081 tem
558 2046 639 2097 prece
666 2047 744 2096 quem
772 2030 863 2096 precio
889 2029 1042 2096 redemptus
1069 2036 1095 2080 et
1120 2029 1344 2098 perAquileyam
1364 2029 1400 2080 ad

284 2105 474 2156 monasterium
500 2104 616 2167 Rosaz⁶,
642 2103 714 2171 quod
737 2105 766 2152 in
791 2097 944 2155 montanisb
964 2105 1043 2155 situm
1064 2109 1113 2164 est,
1139 2102 1244 2155 delatus
1264 2109 1292 2154 et
1310 2105 1338 2153 iu
1358 2119 1401 2156 se·

283 2177 395 2244 pulchro
414 2180 497 2247 patris
516 2181 557 2230 sui
576 2176 730 2228 reconditus
750 2182 805 2238 est;
825 2176 981 2246 planxitque
1001 2191 1061 2226 eum
1081 2177 1206 2227 universa
1218 2182 1291 2228 terra
1305 2177 1353 2227 illa
1373 2181 1402 2228 et

284 2253 389 2318 imperii
410 2254 483 2303 curia
502 2258 567 2303 tota.

360 2320 488 2384 Interea
509 2315 762 2382 Mediolanenses
785 2317 858 2380 totis
880 2317 945 2378 iam
968 2315 1090 2380 viribus
1113 2315 1270 2398 exhausti,
1290 2338 1400 2382 veram

285 2402 480 2468 deditionem
510 2402 615 2466 facere
649 2398 842 2484 cogitabant.
902 2399 1088 2484 Litigabant
1120 2398 1279 2484 siquidem
1317 2401 1402 2466 intra

285 2485 398 2558 urbem
419 2508 502 2550 unus
524 2494 635 2548 contra
655 2482 763 2564 alium,
786 2480 920 2547 clericus
943 2493 1053 2547 contra
1074 2484 1277 2566 monachum,
1292 2505 1401 2548 mona

285 2570 362 2635 chus
384 2580 495 2635 contra
517 2568 679 2648 clericum,
701 2589 801 2631 senex
823 2577 935 2631 contra
955 2567 1116 2649 iuvenem,
1130 2566 1269 2654 populns
1291 2579 1402 2633 contra

131 2683 173 2734 aa.
191 2684 271 2726 sassa.
285 2655 458 2742 principes,
481 2673 519 2716 eo
535 2650 622 2738 quod
636 2650 749 2714 urbem
766 2651 887 2714 caesari
902 2650 1028 2715 tradere
1048 2649 1232 2718 voluissent.
1265 2666 1401 2716 Famam

284 2821 359 2882 baut,
389 2822 417 2868 et
442 2818 488 2883 qui
513 2832 618 2882 semper
643 2815 791 2866 inimicitiis
814 2815 883 2866 inter
911 2831 940 2866 se
966 2814 1077 2866 bachari
1101 2823 1305 2880 consueverant,
1330 2832 1401 2868 nnnc

284 2898 376 2944 mutua
394 2906 463 2957 pace
483 2888 587 2940 firmata
607 2894 788 2939 convenerunt
805 2888 834 2938 iu
853 2904 934 2940 unum
953 2889 1083 2940 adversus
1102 2888 1239 2942 dominnm
1258 2906 1334 2942 suum
1347 2891 1400 2942 Ro·

284 2981 393 3018 manum
412 2965 609 3030 imperatorem,
629 2962 733 3025 animis,
753 2976 808 3013 non
827 2962 928 3028 preliis,
946 2962 1093 3025 fraudibus,
1113 2979 1166 3014 non
1178 2964 1288 3026 viribus,
1301 2966 1329 3014 in
1341 2969 1401 3014 tau·

284 3046 341 3091 tum
361 3037 432 3104 qnod
452 3036 548 3088 eodem
568 3051 637 3086 anno
657 3035 775 3102 quinque
794 3050 886 3100 regum
905 3037 993 3087 nuntii
1005 3041 1114 3102 propter
1126 3035 1177 3087 hoc
1191 3037 1286 3088 foedus
1298 3037 1400 3088 iacien-

286 3113 349 3164 dum
368 3113 396 3162 in
415 3126 467 3161 uuo
485 3109 546 3161 loco
567 3115 759 3160 convenerant.
798 3109 900 3160 Grecos
920 3125 980 3160 curn
999 3109 1108 3175 ngaro
1127 3116 1249 3176 trengam
1268 3109 1335 3162 iecit
1352 3126 1402 3177 per

286 3185 504 3252 quinquennium.
543 3183 657 3250 Scripsit
676 3183 756 3232 etism
776 3182 865 3233 idem
884 3197 942 3233 rex
961 3183 1111 3234 Greciae
1130 3185 1239 3249 regibus
1257 3183 1400 3248 Tarchiae,

284 3257 455 3320 Babiloniae,
474 3257 594 3309 Persidis
622 3262 648 3307 et
668 3255 823 3318 (lomaniae,
849 3256 979 3307 nuncians
1004 3255 1067 3317 illis,
1093 3255 1164 3322 qnod
1190 3258 1326 3309 Romanus
1351 3259 1401 3307 im-

284 3338 390 3400 perator
415 3337 513 3382 terram
538 3346 613 3382 suam
640 3334 668 3380 ct
691 3329 798 3380 illorum
824 3345 956 3396 occupare
982 3329 1118 3392 intendat,
1145 3331 1168 3380 si
1193 3329 1227 3380 de
1246 3329 1401 3382 Mediolano

284 3405 364 3458 linem
383 3404 474 3456 faciat.
512 3403 589 3454 Idem
609 3404 739 3454 timebant
757 3418 835 3468 reges
854 3403 1001 3469 Hispanus,
1012 3403 1402 3470 Barciloneusis,Francigena

285 3485 317 3531 et
334 3478 513 3545 Anglicus.
554 3478 599 3530 Sic
619 3479 691 3528 enim
710 3478 874 3543 scripserunt
893 3479 932 3527 eis
951 3476 1108 3527 Rnolandus
1128 3481 1155 3526 et
1169 3476 1320 3529 cardinales
1334 3479 1401 3542 eius,

285 3554 432 3604 excitantes
453 3551 542 3602 odium
561 3550 725 3617 imperatori.

284 3698 445 3752 a)rissstA1.
506 3694 530 3746 b)
556 3701 634 3736 moute
657 3696 707 3736 Ar.

287 3829 315 3898 1)
336 3830 421 3882 Verba
439 3826 576 3894 sequeutia
598 3829 718 3880 desumto
743 3836 804 3878 sunt
824 3844 856 3880 cx
875 3828 986 3895 epistola
1004 3827 1161 3882 Barchordi
1178 3829 1279 3881 notarii
1298 3830 1334 3882 ad
1351 3829 1401 3882 Ni-

284 3907 386 3958 colcum
406 3903 526 3954 abbatem
550 3900 766 3969 Sipburpeuscm,
793 3917 873 3966 quam
891 3902 1023 3967 impressit
1043 3901 1206 3968 Sudcudorp‘,
1225 3901 1338 3970 Bcpistr.
1358 3903 1400 3968 II,

286 3980 346 4028 134.
368 3977 401 4028 Ρ.
460 3973 489 4041 2)
510 3973 567 4027 scil.
580 3975 772 4026 Burchardum
790 3973 934 4027 asturiam.
992 3973 1023 4039 3)
1046 3974 1162 4028 Treviro.
1218 3973 1249 4042 4)
1269 3976 1304 4028 Iu
1323 3977 1400 4030 Ioaio

283 4052 353 4103 mori
367 4048 480 4117 periisse
498 4049 656 4100 Heinricum
673 4055 789 4098 narrant
808 4049 908 4101 Ausci.
928 4045 1102 4101 Admuuteus.
1124 4047 1226 4102 Ueratia.
1239 4067 1264 4100 a.
1278 4050 1357 4102 1161.
1368 4051 1401 4105 P.

283 4126 313 4191 b)
338 4123 393 4177 scil.
407 4121 592 4189 mpetratum
611 4122 727 4174 cumdem
744 4122 777 4173 dc
791 4121 903 4184 Goritic,
919 4121 1077 4172 aduocatum
1091 4123 1213 4175 ecciesiae
1223 4121 1400 4188 Aquileiensis

283 4193 510 4266 (1150-1186),·
538 4195 728 4262 sacerdosfl.
748 4196 764 4246 l.
779 4214 810 4262 p.
832 4196 883 4246 136
903 4203 956 4245 not.
975 4194 1020 4257 ††.
1039 4194 1072 4247 P.
1120 4195 1149 4262 6)
1168 4195 1256 4248 Haud
1275 4199 1400 4264 loupeah

284 4272 382 4338 oppido
402 4269 522 4322 Giridalc
541 4270 578 4320 od
595 4269 730 4321 meridiem
750 4268 838 4332 situm,
858 4266 935 4320 hodie
955 4267 1083 4320 Boacias.
