3126 4976
354 404 540 456 ennomus
559 404 672 457 naum
693 405 936 459 COLONIENSIS
955 407 987 458 A.
1009 407 1090 458 1162.
1221 406 1273 457 109

527 577 696 631 Receuaio
716 578 741 630 Ι.
760 579 852 631 codd.
872 578 906 631 A.

531 647 627 710 Anno
649 645 783 710 Domini
802 648 892 712 1162.

230 727 446 794 Mediolanum
468 729 631 793 devictum
653 738 750 816 atque
766 731 962 795 destructum
986 739 1043 795 est.
1078 730 1175 812 Quod
1195 753 1271 818 qua-

151 813 227 879 liter
252 812 415 895 aociderit‚
451 814 614 879 succincte
649 814 889 900 expediendum
927 823 985 879 est.
1046 828 1164 879 clansis¹
1188 830 1270 895 igitur
1281 838 1322 888 rap.
1333 837 1412 877 suaa

152 920 202 973 per
220 906 343 970 hyemem
364 904 464 962 stratis,
485 920 544 954 cum
564 903 605 954 illi
623 904 727 956 fortiter
745 907 799 958 iam
820 911 977 968 artarentur,
997 906 1100 956 animos
1119 907 1271 974 principum

153 976 260 1029 callidis
280 978 505 1044 propositionibus
525 979 729 1044 attemptabant,
750 985 788 1042 ut,
808 982 830 1031 si
851 996 903 1045 quo
923 978 1002 1030 modo
1017 985 1154 1046 tamquam
1167 996 1196 1031 rc
1209 996 1269 1046 per-

153 1056 216 1103 acta
236 1067 281 1103 eos
301 1067 409 1102 coemes
427 1051 556 1114 iacerent,
575 1052 628 1117 ipsi
647 1053 754 1103 interim
773 1052 817 1102 vel
838 1051 871 1103 de
891 1053 983 1103 Brixia
1006 1051 1050 1102 vel
1072 1052 1110 1102 'de
1130 1053 1271 1105 Placentia

153 1124 313 1176 coadunatis
331 1125 432 1175 viribus
452 1130 598 1175 mercatum
609 1123 767 1176 ducerent&
796 1127 844 1176 Set
863 1142 925 1177 cum
941 1125 979 1176 nil
992 1125 1154 1191 proficerent
1168 1132 1196 1177 et
1214 1131 1271 1177 tam

153 1199 262 1264 ingenio
282 1213 362 1264 quatu
384 1198 486 1248 viribus
505 1199 558 1248 iam
580 1196 736 1262 deficerent,
761 1199 870 1249 tandem
890 1205 951 1265 post
970 1199 1067 1250 multos
1091 1201 1218 1252 terminos
1245 1204 1272 1250 et

152 1271 366 1323 machinationes
386 1269 524 1338 plurimas,
543 1266 687 1337 supremal
708 1275 871 1324 necessitate
889 1272 968 1323 famis
987 1278 1014 1323 et
1039 1272 1146 1324 inediae
1173 1275 1271 1336 coacti,

151 1344 181 1396 in
202 1347 291 1412 capite
310 1345 404 1395 ieiunii
423 1347 536 1396 termino
559 1347 704 1396 constituto
725 1345 777 1396 duo
797 1346 990 1413 proponebant,
1014 1345 1143 1397 videlicet
1166 1353 1195 1398 ut
1214 1347 1347 1398 sineFebr.
1364 1353 1405 1396 tt.

152 1420 226 1470 omni
244 1425 337 1469 tenore
357 1434 387 1470 se
401 1418 533 1469 dederent
546 1418 589 1470 vel
602 1435 651 1484 por
667 1422 871 1472 conventionem
885 1419 999 1485 gratiam
1014 1419 1174 1472 invenirent.
1203 1419 1272 1471 Con-

152 1492 243 1543 sentio
262 1491 325 1543 talis
346 1496 416 1546 erat:
436 1497 522 1543 totum
541 1491 670 1544 fossatum
690 1492 801 1559 planare
809 1499 832 1556 ⁶,
851 1509 939 1544 muros
960 1498 987 1544 et
1006 1508 1098 1544 omnes
1121 1499 1207 1544 turres
1227 1493 1273 1542 de·

152 1571 263 1628 struere,
287 1565 342 1615 300
366 1564 476 1616 obsides
502 1565 576 1627 dare,
603 1581 786 1632 quoscumque
813 1565 926 1632 eligeret
950 1567 1103 1632 imperator,
1129 1571 1155 1617 et
1181 1571 1210 1617 ut
1235 1566 1274 1616 hii

152 1653 202 1706 per
226 1645 280 1690 tres
307 1655 391 1691 annos
416 1640 445 1689 in
475 1640 632 1704 captivitate
656 1644 818 1701 tenerentur,
837 1645 998 1707 potestatem
1023 1655 1102 1706 quam
1122 1638 1206 1690 vellet
1224 1641 1273 1690 im·

151 1718 261 1780 perator
279 1713 336 1763 sive
355 1712 550 1763 Theutonieam
570 1713 627 1764 sive
646 1713 881 1778 Langobardicam
900 1715 1030 1779 recipere,
1055 1714 1145 1765 omnia
1168 1711 1274 1779 regalia

154 1783 297 1848 dimittere,
316 1787 459 1852 pecuniam
474 1785 591 1846 solvere,
602 1787 757 1852 imperatori
776 1787 920 1853 palacium,
935 1792 1062 1853 quantum
1082 1791 1110 1836 et
1122 1787 1167 1837 ubi
1180 1786 1272 1850 vellet,

153 1860 211 1911 sive
230 1859 300 1910 infra
319 1861 377 1910 sire
398 1864 473 1910 extra
491 1858 623 1920 urbem,
642 1861 697 1910 suis
718 1861 841 1926 expensis
860 1858 960 1922 levare,
979 1875 1160 1926 necunquam
1174 1860 1208 1910 de
1229 1877 1273 1910 ce·

152 1937 210 1984 tero
229 1933 359 1984 fossatum
379 1931 422 1983 vel
442 1948 543 1983 murum
563 1933 622 1982 sine
641 1932 723 1983 verbo
744 1935 897 1984 caesaris
912 1933 1012 1994 facere,
1031 1949 1082 1983 nec
1103 1948 1162 1983 cum
1182 1933 1274 1999 aliqua

154 2007 266 2056 civitate
285 2011 332 2057 aut
351 2004 451 2073 populo
479 2005 647 2056 confederari
672 2011 718 2056 aut
741 2007 838 2068 iurare,
864 2007 916 2057 tn‘a
940 2006 1016 2056 milia
1040 2006 1174 2056 hominum
1199 2012 1274 2057 extra

153 2080 290 2130 civitatem
318 2081 405 2130 eicere
432 2085 460 2130 et
482 2081 671 2145 imperatorem
698 2095 758 2130 cum
778 2080 898 2131 exercitu
916 2081 987 2130 intra
1005 2079 1123 2129 urbem
1145 2078 1273 2145 quamdiu

152 2151 220 2204 velit
238 2155 368 2219 recipere.
406 2153 493 2219 Super
511 2153 553 2203 his
572 2153 654 2218 igitur
673 2153 775 2217 agitato
790 2152 911 2213 consilio,
927 2168 1024 2218 magna
1037 2168 1098 2218 pars
1112 2153 1272 2219 principum,

153 2241 265 2293 qnorum
286 2232 367 2292 caput
386 2225 555 2277 coloniensis
576 2227 780 2292 episcopus,
803 2225 982 2276 conditionem
1003 2225 1186 2292 recipiendam
1208 2241 1271 2277 con-

152 2299 243 2362 suluit,
263 2302 326 2365 quia
345 2305 409 2351 tunc
428 2299 509 2366 plena
529 2305 600 2350 esset
618 2301 731 2350 victoria
751 2306 779 2350 et
802 2301 947 2367 imperator
972 2299 1120 2350 vindictam
1147 2305 1173 2350 et
1192 2300 1270 2349 mise·

152 2372 298 2424 ricordiam
317 2389 364 2439 pro
383 2371 454 2423 velle
474 2378 567 2440 posset
586 2387 721 2423 exercere.
750 2373 865 2436 Quidam
880 2373 960 2423 etiam
974 2377 1116 2439 utrumque
1131 2373 1272 2424 honestum

153 2441 235 2499 csse(i
255 2445 383 2498 dicebant
401 2448 523 2513 imperio.
552 2447 639 2497 Maior
658 2447 736 2498 etiam
758 2463 828 2513 pars,
850 2446 925 2498 ouius
946 2445 1269 2512 caputesslandratensia

153 2523 357 2572 conventionem
371 2519 554 2587 recipiendam
567 2522 760 2586 persuasit,
777 2525 831 2571 tum
846 2521 909 2586 quia
921 2519 1140 2571 Mediolanenses
1153 2518 1188 2569 ad
1202 2519 1272 2568 hanc

151 2595 328 2662 promptiores
347 2593 509 2657 riderentur,
533 2598 589 2645 tum
614 2595 678 2662 quia
701 2595 787 2660 ipsam
813 2593 918 2646 solvere
943 2610 996 2644 non
1023 2599 1141 2660 possent,
1161 2599 1188 2644 et
1206 2598 1270 2644 tunc

151 2669 298 2733 imperator
315 2669 344 2717 in
364 2666 548 2718 misericordia
567 2669 654 2719 minus
677 2673 812 2734 peccaret,
840 2669 871 2733 si,
900 2668 1077 2718 conventione
1102 2683 1155 2717 non
1174 2665 1271 2726 soluta,

151 2739 246 2792 fortius
265 2743 293 2791 in
314 2757 359 2791 eos
378 2740 542 2804 vindicaret3
569 2745 596 2791 et
614 2741 722 2791 tandem
743 2757 844 2806 ornnes,
864 2735 946 2791 licetf
965 2741 1051 2800 inviti,
1071 2742 1099 2790 in
1118 2741 1188 2792 banc
1209 2755 1271 2790 con·
1344 2803 1345 2806 Ἴ

153 2821 302 2877 senserunt,
322 2829 354 2864 co
374 2813 446 2880 qnod
466 2816 543 2879 qnasi
563 2820 666 2865 certum
685 2815 843 2874 baberetur,
864 2816 1067 2866 conventionem
1092 2815 1193 2865 servari
1219 2829 1272 2864 non

152 2903 241 2955 posse,
272 2904 332 2938 cnm
358 2892 441 2938 strata
467 2887 501 2937 ad
528 2887 753 2939 transducendum
781 2894 928 2939 mercatum
948 2904 1000 2939 non
1019 2888 1194 2954 aperireturss,
1221 2886 1273 2938 nisi

489 2996 657 3049 Receuaio
676 2995 717 3048 11.
737 2997 829 3049 codd.
848 2996 883 3053 Β.
904 2995 932 3049 0.

301 3067 318 3104 *
343 3065 411 3129 11.ιι
455 3062 550 3128 Anno
573 3063 753 3128 dominicae
775 3065 1020 3130 incamatiouisi
1046 3065 1136 3130 1162.

229 3147 484 3215 Mediolanenses
511 3147 608 3234 longa
636 3146 802 3213 obsidione
829 3150 904 3213 totis
932 3150 996 3212 iam
1023 3148 1147 3214 viribus
1168 3148 1271 3230 fracti,

151 3234 334 3298 interventu
350 3231 562 3320 quorumdam
577 3232 759 3318 principum
775 3231 888 3316 adiuti,
903 3233 1106 3317 imperatorie
1120 3233 1272 3317 potestati

218 3360 235 3394 a
589 3358 595 3370 ·
673 3377 679 3390 .

237 3360 248 3427 )
267 3358 473 3486 Blliicedliid
488 3365 751 3500 diiediiurdlpost
770 3411 956 3498 sexaginta
977 3431 1115 3483 duorum

309 3507 407 3558 Mille
428 3524 500 3560 cnm
520 3515 657 3560 centnm
677 3506 718 3558 tit
736 3502 787 3557 Mt
808 3506 1018 3572 digammate
1037 3506 1178 3556 rictum.

264 3581 333 3633 Hos
363 3597 483 3633 versus
515 3583 597 3633 olim
629 3578 767 3646 Sibylla
800 3582 835 3630 in
871 3577 1045 3646 capitolio
1073 3575 1273 3641 Mediolani

264 3656 542 3721 conscripserat,
569 3654 629 3706 sed
648 3650 746 3706 tuncl
778 3655 885 3720 primo
909 3654 1005 3722 cives
1028 3652 1167 3702 devicta
1190 3651 1272 3700 civi-

263 3733 364 3779 tatem
403 3721 731 3792 consideraverunt,
771 3742 940 3778 numerum
972 3727 1068 3777 illum
1106 3725 1146 3774 ab
1186 3739 1272 3776 anno

264 3801 436 3853 dominice
474 3803 734 3854 incarnationis
773 3817 848 3870 pssp
888 3800 1101 3867 completum
1140 3804 1173 3849 et
1204 3796 1270 3848 duo

264 3890 394 3940 gamma
420 3891 495 3928 esse
514 3878 552 3940 F,
578 3877 715 3944 primam
741 3873 898 3926 litteram
925 3874 1070 3926 nominis
1095 3870 1272 3923 Friderici

234 3951 501 4016 „imperatoris

152 4058 176 4111 a)
193 4071 216 4099 v.
233 4069 253 4101 c.
270 4069 300 4101 m.
317 4059 458 4100 adducerent
474 4060 522 4099 Bt.
599 4057 622 4111 b)
639 4069 764 4110 supprema
779 4057 829 4100 Al.
905 4055 926 4108 c)
943 4057 1028 4096 fossam
1052 4055 1205 4106 cumplanare
1221 4052 1274 4092 Al.

152 4117 312 4171 dldcestBl.
373 4118 554 4167 e)o.eratB1.
614 4117 766 4169 occardi.
826 4114 1050 4169 asportatam.
1080 4130 1108 4151 =
1138 4112 1162 4165 b)
1179 4113 1215 4155 1⁰.
1229 4113 1272 4154 02.

151 4177 170 4229 i)
186 4177 256 4218 Anno
271 4177 366 4218 Domini
383 4176 427 4218 01.
444 4178 466 4218 2.
506 4175 531 4228 k)
547 4177 705 4218 Mediolanum
720 4188 827 4226 aspernor.
845 4177 892 4218 Bl.
930 4173 947 4226 1)
965 4186 1026 4216 nunc
1043 4173 1084 4215 02.
1131 4171 1164 4224 m)
1181 4173 1273 4213 devicta

155 4238 250 4278 civitate
266 4236 329 4287 iufra
341 4240 392 4286 post
409 4237 550 4287 completum
562 4238 638 4287 pomo
653 4237 695 4276 02.

155 4331 184 4398 1)
201 4331 274 4394 Quae
293 4334 440 4397 aequantur
458 4349 491 4385 ec
511 4331 622 4398 epistola
640 4313 795 4384 Barcbnrdi
812 4329 913 4382 notura
932 4330 970 4381 ad
990 4328 1131 4381 Nicolaum
1151 4326 1273 4378 abbatam

152 4404 355 4473 Sipbnrqeuscm
384 4406 473 4471 (apud
491 4405 645 4470 Freberum,
675 4403 725 4457 SS.
749 4421 801 4457 rer.
822 4404 911 4457 Genu.
932 4403 957 4468 I,
987 4402 1048 4466 236,
1080 4402 1122 4454 acl
1149 4397 1273 4453 editionis

152 4480 246 4532 tertiae
264 4495 332 4530 cura
350 4478 385 4531 B.
405 4479 437 4531 G.
457 4477 561 4532 Stravii
577 4497 605 4546 p.
625 4480 691 4545 330)
711 4480 832 4532 desumto
850 4485 921 4530 aaut.
958 4475 991 4529 P.
