3126 4976
290 439 322 488 72
436 437 624 488 CHRONIOA
642 436 755 488 REGIA
778 435 1020 489 COLONIENSIS
1041 438 1073 488 A.
1096 435 1175 488 1135.
1198 437 1276 496 1136,

661 609 827 660 Recensio
847 609 870 659 Ι.
891 611 984 660 codd.
1004 610 1036 661 A.

288 713 465 779 discedunt.
510 714 683 777 Dominica
704 723 795 778 11111Ι
820 714 959 777 mediam
979 714 1267 801 quadragesimam,
1291 715 1412 780 scilicet

162 801 338 864 11111116.
361 799 434 864 Kal.
457 797 587 885 Aprilis,
608 796 757 883 frequens
786 797 970 884 principum
997 799 1062 863 fere
1091 800 1187 864 totius
1216 801 1307 884 regni
1337 822 1411 865 con-

287 894 401 948 ventus
433 884 469 946 fit
500 882 587 946 aud
614 881 814 966 Bavenberg,
847 883 1039 967 imperatore
1072 905 1146 947 cum
1179 883 1286 950 valida
1314 906 1411 948 manu

289 966 461 1032 electorum
483 904 619 1031 miiitum
642 975 675 1030 et
696 988 857 1030 armorum
886 987 923 1030 co
949 967 980 1029 ia
1032 977 1165 1033 resente.
1214 968 1278 1033 Dei
1308 971 1412 1052 gratia

288 1050 489 1137 astipulante,
518 1051 683 1136 predictus
705 1049 889 1114 Fridericus
917 989 985 1114 <lux
1006 990 1165 1134 lllsaciae,
1194 1052 1412 1117 annitentibus

287 1137 497 1222 principibus,
519 1137 553 1198 in
569 1133 774 1198 concordiam
789 1155 861 1197 cum
875 1135 1066 1219 imperatore
1081 1136 1173 1202 redit.
1212 1135 1412 1202 Coloniensis

288 1221 460 1305 episcopus
485 1219 606 1284 ibidem
635 1219 814 1282 interventu
841 1219 1022 1304 principum
1051 1231 1082 1284 et
1109 1219 1324 1286 satisfactione
1353 1243 1412 1284 sua

288 1305 415 1369 veniam
448 1303 624 1389 promeruit
654 1301 761 1366 delicti
794 1303 843 1366 sui
875 1305 910 1366 in
942 1306 1178 1402 imperatorem.
1263 1306 1301 1369 In
1329 1304 1411 1369 festo

176 1406 230 1449 ras.
241 1407 276 1448 ss.
288 1398 494 1475 pentecosten
534 1387 621 1472 apud
656 1386 910 1472 Magatheburga
946 1411 1086 1472 pnmum
1122 1390 1284 1475 principes
1319 1391 1412 1472 regni

289 1494 397 1536 coram
418 1473 609 1558 imperatore
623 1471 840 1534 firmissimam
855 1493 968 1557 pacem
984 1473 1071 1537 domi
1086 1473 1228 1560 forisque
1243 1474 1285 1537 ad
1300 1473 1411 1537 decem

288 1579 389 1620 annos
411 1559 605 1636 iuraverunt,
629 1565 661 1620 et
682 1554 797 1619 deinde
819 1565 925 1621 cetera
946 1556 1115 1622 multitudo
1137 1558 1241 1642 plebis
1270 1567 1335 1622 tam
1365 1558 1411 1624 ibi

289 1662 387 1726 quam
409 1663 467 1725 per
488 1638 631 1724 singulas
652 1639 764 1722 regnib
786 1649 894 1725 partes
916 1639 975 1704 hec
998 1641 1110 1706 eadem
1134 1643 1239 1706 facere
1261 1641 1414 1706 suadetur

289 1734 321 1789 et
342 1723 551 1810 compellitur.
595 1724 674 1786 Dux
695 1723 867 1788 Boemiae²
890 1734 922 1788 et
944 1723 1012 1788 dux
1033 1726 1250 1810 Ungariorum
1276 1726 1411 1789 inimici-

289 1809 355 1872 cias
382 1809 520 1872 invicem
547 1807 701 1872 habentes
730 1805 873 1871 ibidem³
904 1809 1156 1874 confederantur.
1263 1809 1301 1872 In
1329 1809 1412 1875 fest'o

176 1893 391 1958 socrasancti
412 1891 611 1979 Mychahelis
634 1893 668 1955 in
687 1890 759 1955 loco
781 1893 836 1977 qui
859 1891 975 1957 dicitur
996 1892 1208 1958 Mulenhusen
1230 1894 1412 1977 Ounradus,

289 1975 459 2062 aliquando
493 1977 683 2061 usurpatorb
706 1975 787 2060 regii
818 1977 967 2059 nominis,
999 1977 1097 2044 frater
1125 1978 1282 2044 Friderioi
1311 1978 1413 2056 ducis,

287 2061 472 2146 imperatori
492 2059 727 2124 reconciliatur.

666 2145 761 2207 Anno
783 2144 916 2208 Domini
941 2146 1030 2210 1136.

361 2229 540 2314 Imperator
561 2227 700 2293 natalem
723 2229 856 2293 Domini
877 2229 899 2291 S
926 2230 972 2293 ire
995 2228 1142 2296 celebrat.
1185 2230 1237 2295 Ibi
1266 2239 1412 2295 mortuus

288 2323 336 2377 est
356 2313 529 2378 Heinricus
551 2312 701 2394 marchio,
724 2310 807 2376 filius
824 2251 981 2378 Wielerti
1003 2315 1140 2378 comitis.
1219 2315 1311 2379 Hocc
1326 2335 1412 2378 anno

288 2397 416 2463 obsides
438 2418 570 2460 numero
595 2397 634 2460 12
650 2395 817 2461 Godefridi
840 2399 964 2461 comitis
987 2397 1026 2462 de
1041 2397 1160 2462 Kuch‘l
1181 2421 1250 2464 sese
1272 2401 1305 2462 in
1347 2409 1412 2463 ote-

288 2491 402 2546 statem
425 2482 509 2566 regis
531 2480 670 2548 tradunt.
713 2481 788 2564 Ipse
812 2479 1006 2546 Godefridus
1029 2483 1219 2548 cumfratre
1242 2504 1298 2547 suo
1354 2484 1412 2547 eri-

288 2587 406 2631 manno
429 2563 470 2629 ab
491 2566 684 2651 imperatore
706 2565 916 2650 proscribitur
937 2567 972 2630 in
993 2575 1078 2630 terra
1106 2567 1259 2652 ipsorum,
1290 2566 1414 2632 scilicet

288 2648 395 2730 salica,
418 2670 506 2714 more
528 2650 741 2734 antiquorum.

361 2735 501 2818 Irruptio
518 2731 707 2798 Sclavorum
722 2735 756 2796 in
771 2743 878 2817 partes
894 2733 1073 2816 Saxoniae3
1097 2744 1207 2799 contra
1222 2757 1302 2821 quos
1317 2733 1413 2799 Adel·

288 2817 415 2883 bertust
438 2816 580 2881 marchio
603 2818 780 2880 exercitum
802 2838 944 2899 movens,
967 2828 1085 2883 terram
1108 2841 1219 2883 eorum
1235 2841 1299 2883 non
1315 2817 1414 2884 semel

288 2900 445 2966 hostiliter
466 2901 585 2966 invasit
607 2911 639 2966 et
660 2899 873 2986 depopulatus
896 2911 952 2965 est.

626 3103 794 3156 Recensio
814 3102 855 3156 ΙΙ.
875 3103 968 3155 codd.
989 3103 1023 3154 B.
1045 3101 1071 3154 0.

291 3213 478 3264 dissentientes
499 3212 676 3284 abinvicem,
697 3213 845 3265 discordati
873 3214 1023 3265 discedunt.
1061 3215 1189 3265 Postea
1206 3215 1283 3280 ipse
1303 3220 1335 3265 et
1353 3215 1413 3264 Fri-

290 3285 396 3335 dericus
408 3285 461 3336 dux
471 3286 596 3338 Alsaciae
610 3289 761 3338 interventu
774 3289 922 3354 principum
937 3290 1091 3354 imperatori
1105 3287 1412 3339 reconciliantur⁴.

362 3359 394 3408 ln
414 3361 482 3411 festo
502 3367 649 3428 pentecost.
671 3377 785 3412 ornnes
805 3363 939 3428 principes
965 3364 1042 3427 regni
1066 3378 1154 3412 coram
1181 3363 1341 3428 imperatore
1368 3359 1412 3410 iir-

288 3434 435 3483 missimam
456 3449 551 3500 pacem
571 3435 606 3484 ad
626 3435 719 3486 decem
741 3451 824 3485 annos
840 3437 1003 3496 iuraverunt,
1023 3441 1050 3486 et
1070 3436 1221 3501 deinceps
1242 3442 1332 3505 cetera
1345 3433 1413 3484 mul-

289 3505 375 3556 titudo
394 3506 479 3556 idem
498 3507 588 3558 facere
609 3507 786 3574 compellitur.

621 3574 669 3639 12.
713 3575 807 3638 Anno
829 3575 962 3639 Domini
987 3576 1077 3640 1136.

363 3664 513 3728 Imperator
538 3665 628 3714 natale
655 3667 765 3715 Domini
790 3666 867 3731 Spire
892 3666 1034 3716 celebrat·
1058 3665 1101 3715 Ibi
1125 3671 1243 3716 mortuus
1270 3671 1310 3735 est
1329 3665 1414 3714 Hein-

289 3737 360 3786 ricus
381 3739 509 3798 merchio‚
529 3737 600 3788 filius
621 3739 734 3789 Wiberti
754 3740 868 3789 comitis.
942 3740 1003 3789 Hoc
1029 3755 1098 3788 anno
1120 3737 1227 3788 obsides
1246 3754 1356 3789 numero
1379 3739 1414 3786 12

291 3809 431 3860 Godefridi
458 3811 490 3860 de
510 3811 587 3861 Kueu
612 3827 672 3862 sese
698 3813 725 3860 in
750 3818 909 3878 potestatem
936 3812 1162 3878 imperatoris
1187 3811 1303 3863 tradunt.
1349 3813 1414 3878 Ipse

289 3884 496 3947 Herimannus,
515 3884 628 3934 frater
648 3885 813 3948 (1111111111,
835 3902 894 3936 cum
914 3887 995 3938 fratre
1015 3902 1063 3937 suo
1082 3886 1264 3950 proscribitur.

290 4066 313 4178 ap
329 4067 536 4166 bilbgerlhebllim
553 4066 685 4114 Megetheb.
703 4067 753 4107 Al.
798 4067 822 4121 b)
839 4070 894 4108 deest
910 4069 962 4110 Al.
1009 4067 1030 4121 o)
1047 4070 1077 4111 H.
1089 4080 1109 4110 a.
1119 4068 1220 4110 111112.
1265 4067 1288 4121 d)
1306 4067 1413 4110 OucAt.

290 4137 302 4166 1
375 4136 437 4167 eus
497 4155 502 4167 .

292 4295 320 4362 1)
349 4295 456 4346 Rectius
482 4303 542 4364 post
561 4295 679 4361 dixisset,
704 4305 733 4350 11
758 4297 859 4348 monuit
882 4295 992 4349 sea-B.
1009 4314 1037 4362 p.
1061 4299 1121 4349 161.
1216 4299 1245 4364 2)
1274 4296 1415 4349 Potoniae.
1492 4341 1497 4350 ,

284 4367 321 4448 Ἰ3)
341 4368 512 4438 Mersebur95
530 4389 556 4422 o.
576 4371 647 4422 Anu.
666 4371 804 4438 Erpbess„
823 4369 875 4424 SS.
903 4369 948 4433 VI,
965 4388 995 4436 p.
1017 4371 1080 4424 540.
1155 4369 1185 4438 4)
1205 4371 1415 4423 reconciliantur

291 4459 323 4494 err
342 4442 414 4496 Anu.
432 4443 535 4496 Brona.
549 4445 662 4512 flocisse
681 4446 795 4497 videtur.
