3122 4978
251 323 255 330 ·
288 377 344 426 216
401 371 589 427 cflaomca
602 369 716 423 REGIA
735 367 987 422 COLONIENSIS.
1008 366 1110 419 CONT.
1124 365 1178 416 111.
1197 364 1229 416 A.
1244 365 1323 416 1204.

666 541 833 593 Bareasio
853 541 877 593 I.
897 540 991 592 codd.
1012 538 1039 591 0.

294 614 409 680 Harlin
435 611 588 678 ‘abach'
608 631 629 673 a
655 630 731 694 rege
768 607 887 674 Ottone
916 607 1180 672 constructumbe
1212 606 1352 672 deiceret
1380 617 1413 672 et

292 700 380 764 cives
435 697 571 762 oslariae
592 693 632 758 de
655 694 860 778 oppressione
883 691 952 756 eius
974 701 1006 756 et
1026 690 1160 756 fratrum
1183 713 1312 756 suorum
1334 687 1411 756 libe·

292 794 394 864 raret;
437 782 494 846 sed
509 778 566 844 ubi
581 777 718 842 eundem
733 777 767 839 in
780 776 856 840 forti
870 798 968 840 manu
982 774 1044 840 sibi
1060 797 1227 840 occurrere
1250 777 1411 861 cognovit,

292 864 423 931 consilio
455 887 529 929 eum
561 863 627 928 suis
654 859 774 942 habito,
807 862 947 942 recessit,
980 859 1079 924 satius
1105 869 1193 924 ratus
1220 859 1262 924 ad
1283 871 1412 947 tempus

291 950 405 1015 cedere
427 971 524 1036 quam
547 968 619 1010 cum
641 945 734 1010 hoste
755 942 838 1009 male
858 967 1013 1030 pugnare.

376 1033 472 1099 Circa
503 1033 610 1118 ipsum
641 1039 705 1094 tem
732 1051 769 1092 us
798 1028 966 1093 Tidericus
996 1028 1211 1093 Traiectensis
1238 1029 1411 1115 episcopus

292 1139 366 1183 cum
395 1117 540 1183 exercitu
567 1124 599 1179 et
626 1052 772 1200 plurilus
800 1111 963 1177 nobilibus
991 1111 1198 1176 Hollandiam
1228 1113 1358 1178 intravit
1379 1125 1413 1179 et

292 1202 494 1288 provinciam
517 1198 626 1263 comiti
655 1197 696 1263 de
718 1197 766 1261 Lo
794 1195 987 1283 subiugavit,
1018 1207 1051 1261 et
1072 1195 1281 1263 Wilhelmum
1308 1219 1350 1262 ex
1372 1220 1412 1263 ea

290 1285 484 1366 eliminavit,
522 1304 559 1349 eo
593 1281 680 1368 quod
706 1279 814 1346 multis
842 1282 967 1345 iniuriis
993 1281 1100 1366 ipsum
1132 1282 1321 1367 episcopum
1351 1282 1412 1348 fre·

292 1370 444 1455 quentius
466 1376 674 1454 provocasset
690 1377 722 1430 et
737 1366 959 1451 episcopatum
982 1365 1051 1430 eius
1072 1364 1230 1430 incendiis
1246 1375 1277 1431 et
1290 1368 1412 1452 rapinis

292 1454 401 1540 sepius
434 1461 599 1520 vastasset.
651 1449 736 1514 Sede
758 1448 930 1514 Wilhelmo
959 1471 1119 1535 nusquam
1148 1460 1333 1535 apparente,
1362 1460 1412 1517 ter

292 1559 357 1601 una
379 1536 431 1600 die
454 1558 528 1600 eum
557 1533 654 1598 fratre
681 1536 749 1598 eius
772 1532 936 1598 Florentio
965 1543 997 1598 et
1024 1533 1219 1620 quibusdam
1249 1533 1411 1600 nobilibus

291 1621 377 1706 parti
390 1618 475 1683 illius
490 1617 674 1683 faventibus
689 1617 843 1698 conflixit,
862 1616 1009 1703 pluribus
1025 1639 1137 1682 eorum
1153 1618 1277 1698 occisis,
1298 1621 1411 1683 ceteris

292 1727 367 1770 cum
399 1705 470 1789 ipso
503 1702 665 1767 Florentio
702 1704 804 1788 captis
840 1702 895 1766 et‘l
929 1701 1067 1766 vinculis
1100 1703 1302 1786 mancipatis.
1357 1703 1413 1768 Sic

293 1787 423 1853 comiti²
445 1788 486 1852 ab
510 1787 663 1874 episcopo
691 1786 864 1871 subiugata
892 1786 979 1850 omni
999 1787 1168 1872 provincia
1190 1796 1222 1850 et
1244 1785 1412 1853 obsidibus

292 1872 390 1954 datis,
425 1871 498 1934 eu'm
529 1894 545 1957 e
570 1872 698 1956 iscopus
729 1877 941 1935 reverteretur
973 1880 1005 1934 et
1037 1892 1145 1934 comes
1175 1892 1248 1934 cum
1281 1873 1346 1934 suis
1377 1873 1413 1936 in

316 1955 435 2020 uodam
458 1893 578 2040 oppido
600 1955 729 2040 nomine
752 1955 867 2020 Leidin
889 1955 1029 2040 degeret,
1051 1954 1193 2039 prefatus
1208 1953 1412 2038 wilhelmus,

293 1979 333 2106 de
361 2041 529 2105 maritimis
557 2037 703 2124 partibus
733 2048 897 2102 contracta
929 2037 1134 2122 multitudine
1161 2047 1227 2101 tam
1254 2039 1412 2124 pedestris

294 2145 392 2212 quam
414 2123 536 2188 navalis
562 2125 734 2206 exercitus,
761 2122 916 2209 plurimos
945 2144 1056 2186 eorum
1084 2123 1267 2208 captivavit,
1297 2125 1413 2188 ceteris

292 2211 327 2273 in
355 2207 473 2294 palude
502 2207 709 2288 submersist,
732 2218 764 2271 et
781 2208 846 2270 -vix
867 2207 980 2305 paucis
1001 2206 1212 2271 evadentibus
1242 2228 1315 2270 cum
1340 2208 1413 2294 ipso

294 2294 410 2378 comite
419 2292 464 2356 ¹·*.
550 2291 646 2356 Estas
669 2291 774 2355 calida
795 2302 827 2356 et
848 2312 945 2354 slcoa.

373 2377 450 2462 Ipso
467 2395 550 2438 anno
567 2377 654 2438 eirca
668 2373 787 2438 Iulium
802 2396 945 2438 mensem
958 2373 1129 2461 Philippus
1140 2397 1209 2455 reX,
1225 2384 1413 2440 contracto&

296 2461 440 2523 maximo
477 2460 631 2536 exercitu,
665 2459 876 2542 Thuringiam
909 2460 1015 2538 intrat,
1051 2457 1212 2544 quandam
1249 2460 1413 2525 civitatem

290 2544 464 2629 lantgravii
485 2543 650 2606 Wicinse³
678 2543 807 2606 nomine
835 2541 1023 2606 obsidioneh
1045 2542 1151 2625 vallat,
1178 2565 1288 2628 regem
1316 2545 1413 2608 etiam

288 2628 442 2692 Boemiae
465 2649 539 2690 cum
554 2627 705 2690 maxima
720 2625 922 2690 multitudine
945 2628 979 2689 in
1000 2627 1157 2692 auxilium
1180 2629 1209 2690 ei
1230 2628 1414 2694 venientem

288 2711 404 2796 fugat,¹
424 2710 531 2773 omnia
562 2732 620 2796 per
651 2711 821 2775 circuitum
850 2710 969 2796 oppida
995 2712 1071 2796 igne
1104 2713 1210 2776 exurit
1242 2723 1274 2776 et
1298 2721 1412 2778 vastat.

352 2871 381 2940 *)
401 2872 510 2938 Frapm.
539 2872 596 2926 cod.
624 2870 646 2923 0
675 2873 722 2924 hoc
752 2873 806 2924 loco
831 2872 925 2924 inserit
950 2873 1077 2940 epitomen
1104 2875 1229 2940 epistolae
1254 2894 1272 2926 a
1296 2876 1412 2946 Hupoae

401 2944 527 3010 scriptae,
547 2963 579 2998 ee
598 2963 652 3012 qua
672 2947 737 2997 haee
756 2946 808 3013 aqi
822 2955 950 3012 poseant:

451 3013 656 3093 Quomodo
680 3011 1075 3100 Constantinopolim
1097 3037 1117 3078 a
1138 3017 1369 3100 peregrinis

404 3109 523 3183 capta
543 3096 800 3162 Baldewinus
822 3119 954 3161 comes
976 3096 1164 3162 Flandrie
1192 3100 1414 3185 imperator

808 3181 996 3245 efficitur.

399 3272 705 3332 Mortqusachio,
720 3275 775 3337 qui
789 3275 936 3322 animum
951 3271 1025 3322 filii
1038 3271 1214 3322 suiAlexii
1228 3290 1243 3321 a
1257 3275 1411 3339 peregri-

398 3346 466 3408 nis,
493 3347 552 3411 qui
572 3362 641 3397 eum
658 3346 937 3396 sublimaverant
964 3345 1004 3394 ad
1026 3361 1199 3405 coronam,
1221 3353 1412 3411 averterat,

289 3437 490 3448 *⁶*—
658 3455 827 3506 Beceasio
849 3454 889 3504 II.
910 3455 1005 3506 codd.
1025 3456 1058 3509 B.

375 3527 455 3579 Circa
472 3531 559 3595 ipsum
580 3534 685 3594 tempus
697 3527 837 3580 Tidericus
857 3531 999 3596 episeopus
1012 3530 1194 3581 Traiectensis
1214 3545 1273 3581 cum
1294 3531 1412 3582 exercitu

291 3607 318 3653 et
337 3600 458 3668 pluribus
477 3601 612 3653 nobilibus
631 3601 805 3652 Hellandiam
825 3603 934 3653 intravit
952 3608 980 3652 et
999 3603 1164 3670 provinciam
1185 3605 1276 3654 comiti
1296 3604 1329 3653 de
1348 3605 1412 3656 Los

289 3691 409 3726 rursus
438 3677 600 3740 subiugavit.
646 3675 700 3726 Sed
732 3677 860 3741 episcopo
889 3675 1083 3740 recedente,
1114 3691 1174 3726 cum
1202 3677 1292 3727 idem
1323 3692 1412 3728 comes

292 3763 352 3800 cum
374 3751 430 3799 suis
450 3776 484 3784 -
504 3749 617 3814 -ipso
638 3749 744 3798 comite.
763 3753 792 3797 at
810 3748 935 3799 Receaaio
955 3748 979 3800 l.

374 3821 443 3887 Ipso
460 3837 530 3870 anno
551 3823 624 3870 eirca
643 3818 741 3870 Iulium
767 3836 885 3872 mensem
905 3820 1052 3889 Phylippus
1071 3838 1126 3886 rex,
1147 3828 1283 3873 contracto
1297 3825 1413 3874 maximo

288 3895 415 3955 exercitu,
426 3893 598 3958 Thuringiam
614 3895 702 3957 intrat,
720 3894 853 3958 quandam
870 3896 1006 3965 civitatem
1023 3895 1157 3961 lantgravi
1167 3897 1293 3948 Wiaense
1303 3898 1410 3947 nomine

288 3966 428 4018 obsidione
439 3966 533 4030 vallat,
544 3982 634 4032 regem
647 3968 726 4016 etiam
738 3967 849 4018 Boemie
861 3983 920 4018 cum
932 3971 1048 4019 maxima
1058 3968 1228 4021 multitudine
1241 3971 1268 4020 in
1282 3969 1410 4020 auxilium

287 4042 327 4090 rei
346 4040 497 4090 venientem
516 4040 600 4106 fugat,
626 4042 715 4091 omnia
734 4056 783 4107 per
802 4042 942 4092 circuitum
961 4042 1060 4109 oppida
1078 4045 1142 4107 igne
1161 4044 1248 4094 exurit
1267 4049 1294 4093 et
1311 4048 1410 4095 vastat.

274 4167 314 4222 ιε)
330 4170 515 4219 Harltnginberg
532 4172 574 4212 02.
656 4171 681 4223 b)
697 4172 779 4222 syllaba
803 4183 847 4214 eon
868 4185 882 4213 a
903 4184 970 4213 mana
993 4183 1048 4224 qaae
1068 4177 1149 4216 rubras
1169 4176 1255 4224 scripsit
1277 4175 1352 4214 addita
1373 4179 1411 4222 eet,

288 4231 357 4268 creste
379 4229 456 4268 littera
479 4240 508 4270 ex
531 4229 561 4282 (t)
586 4241 640 4280 quae
660 4233 726 4281 prta-r
748 4231 840 4280 scriptae
862 4237 925 4272 cram
940 4233 987 4272 Bl.
1084 4233 1106 4285 c)
1122 4234 1197 4283 incipit
1215 4233 1364 4283 stramentum
1388 4233 1412 4287 G,

288 4289 351 4328 cuias
366 4287 497 4336 scripturam
512 4290 601 4332 resinat.
649 4290 672 4342 d)
689 4295 748 4331 etv.
765 4301 796 4330 m.
812 4292 888 4331 desum
904 4292 948 4333 02.
1000 4290 1023 4345 e)
1039 4295 1120 4334 mersis
1136 4295 1183 4335 131.
1228 4291 1370 4344 nautasque
1387 4292 1411 4336 0.

288 4346 311 4398 r)
326 4358 387 4387 max.
405 4351 479 4389 contr.
496 4357 532 4389 ex.
550 4347 593 4390 02.
654 4348 679 4401 h)
695 4350 750 4388 deest
766 4351 808 4392 01.

288 4463 317 4531 1)
338 4463 378 4532 Cy.
397 4463 510 4518 Amold.
530 4465 598 4517 Lab.
624 4466 670 4530 VI,
691 4469 762 4532 Μ).
783 4469 845 4521 217.
920 4469 993 4536 2Jde
1012 4469 1073 4522 Las.
1149 4468 1178 4536 3)
1199 4467 1364 4522 Weissemee.
