3126 4976
310 390 346 440 98
501 386 687 440 cflaoulca
706 385 817 437 REGIA
838 384 1081 438 COLONIENSIS
1101 386 1133 437 A.
1157 385 1234 436 1158.
1292 385 1295 392 '

674 557 836 610 Berensis
861 559 886 609 1.
912 559 1005 612 codd.
1029 556 1063 610 A.

309 656 453 712 mentum
474 644 597 708 itineris
611 642 761 726 iacerent,
785 652 907 707 mutata
928 642 1080 731 superbia
1093 643 1147 709 illa
1162 665 1227 730 qua
1240 654 1319 709 ante
1330 645 1432 709 cesari

311 730 551 809 mandaverant,
585 725 706 792 scilicet
730 749 795 791 non
824 726 887 791 sibi
913 749 1043 793 necesse
1077 751 1162 811 esse,
1195 736 1231 792 ut
1262 750 1296 792 se
1327 750 1431 814 usque

311 814 528 885 Mediolanum
550 810 707 959 iatiparet,
730 813 882 898 quoniam
904 812 992 897 apud
1014 812 1143 877 Aduam
1164 811 1299 876 fluvium
1321 815 1351 877 ei
1366 811 1431 877 vel·
1518 843 1523 854 ·

309 898 376 964 lent
391 917 567 964 occurrere,
621 905 718 981 taque
733 895 865 982 quidam
881 919 923 960 ex
937 896 1091 962 militibus
1105 896 1178 962 freti
1193 897 1332 978 audatia,
1356 894 1431 960 sub-

309 983 396 1048 vecti
416 979 551 1045 fortibus
574 981 676 1065 equis,
701 977 834 1044 fluvium
856 980 1063 1045 transvadare
1086 991 1252 1065 ceperunt,
1275 991 1324 1045 set
1339 979 1432 1044 multi

311 1089 353 1132 ex
384 1067 463 1151 ipsis
490 1063 653 1128 nimietate
681 1062 839 1127 undarum
867 1065 969 1148 pressi
991 1065 1120 1130 submer
1144 1065 1300 1147 ebantur,
1321 1064 1431 1151 aliqui,

310 1151 400 1236 equis
423 1148 606 1229 submersis,
628 1148 684 1212 vix
706 1157 883 1230 evaserunt,
906 1171 944 1213 ac
960 1150 1118 1235 quosdam
1169 1148 1432 1232 ediolanensium,

333 1256 393 1299 uos
424 1235 458 1297 in
484 1234 555 1318 ripa
578 1231 791 1314 offenderant,
813 1231 1014 1318 fugaverunt.
1041 1234 1155 1298 Boemi
1176 1255 1252 1298 vero
1271 1234 1431 1318 quendam

310 1257 350 1384 de
371 1316 594 1402 Longobardis
622 1316 795 1400 capientes,
827 1317 921 1380 minis
945 1327 1156 1400 extorserunt,
1188 1327 1224 1382 ut
1246 1318 1292 1382 eis
1310 1318 1432 1382 vadum

309 1402 460 1467 torrentis
483 1400 694 1468 ostenderas.
733 1400 805 1481 Quo
830 1399 1056 1484 demonstrato,
1079 1403 1226 1467 certatim
1249 1401 1431 1483 evadentes,

310 1487 480 1550 constratis
505 1484 657 1570 pontibus
686 1493 789 1548 tutum
812 1486 898 1548 omni
921 1487 1077 1550 exercitui
1098 1487 1266 1552 transitum
1288 1485 1433 1560 fecerunt

335 1592 369 1633 er
390 1569 542 1634 triduum.
571 1568 670 1633 Cesar
691 1590 768 1632 vero
792 1579 827 1634 ut
849 1569 1015 1634 ulteriores
1038 1572 1144 1656 attigit
1163 1572 1262 1656 ripas,
1283 1572 1433 1655 regiones

310 1593 598 1718 illediolanensium
627 1653 815 1738 ingreditur,
849 1676 923 1718 cum
953 1677 1028 1719 ecce
1051 1655 1226 1740 Papienses
1249 1664 1280 1719 et
1301 1653 1433 1720 Oremo·

310 1761 424 1803 nenses
457 1760 531 1802 cum
564 1736 670 1801 valido
704 1738 848 1802 exercitu
881 1761 914 1803 se
947 1739 977 1802 ei
1005 1740 1187 1820 iunxerunt,
1225 1738 1280 1825 qui
1309 1749 1340 1803 et
1370 1738 1434 1824 ipsi

310 1823 433 1886 inimici
455 1831 547 1885 erant
569 1819 866 1886 Mediolanensium.
897 1822 965 1887 Nec
987 1845 1085 1902 mora,
1109 1833 1251 1888 castrum
1275 1825 1328 1888 cui
1349 1823 1433 1886 Trit-

310 1909 443 1970 tiumba
468 1927 584 1969 nomen
607 1915 663 1986 est,
697 1906 752 1971 ubi
774 1906 918 1991 presidia
939 1907 1227 1973 Mediolanensium
1251 1918 1351 1988 erant,
1379 1905 1433 1970 ob-

311 2012 433 2055 sessum
458 2000 620 2075 ceperunt.
648 1990 830 2075 imperator
842 2013 919 2055 vero
935 1991 1137 2056 Mediolano⁰
1158 1994 1434 2077 appropinquans,

309 2075 456 2160 premisit
491 2073 726 2138 marscalcumd
750 2097 842 2138 suurn
866 2097 940 2139 cum
967 2077 1009 2140 50
1031 2075 1195 2156 militibus,
1233 2084 1268 2138 ut
1298 2075 1433 2155 videret,

311 2181 374 2244 quo
403 2158 473 2222 loco
505 2168 610 2222 castra
640 2161 757 2222 cesaris
785 2160 871 2222 circa
900 2160 1061 2224 civitatem
1090 2159 1279 2224 locarentur.
1325 2159 1434 2224 Secuti

311 2251 387 2307 sunt
396 2253 503 2307 autem
520 2243 657 2307 eundem
673 2241 884 2306 marscalcum
898 2241 969 2327 plus
979 2265 1074 2328 quam
1084 2244 1146 2306 500
1158 2241 1283 2323 milites,
1297 2263 1434 2328 quorum

311 2327 350 2391 de
362 2348 494 2390 numero
511 2347 618 2390 comes
630 2327 799 2390 Austriae²
812 2325 1037 2390 Elrkebertuse
1059 2327 1188 2390 nomine
1211 2335 1288 2408 erat,
1311 2326 1368 2391 abs
1393 2349 1434 2392 ue

309 2413 401 2474 iussu
422 2412 623 2494 imperatoris
639 2407 787 2474 cumillis
804 2409 974 2494 profectus.
1001 2411 1174 2474 Venientes
1189 2410 1297 2507 itaque
1312 2348 1434 2474 Medio-

309 2495 428 2576 lanum,
440 2494 552 2559 videut
564 2495 725 2558 civitatem
738 2494 825 2557 omni
837 2503 926 2578 parte
939 2495 1103 2575 munitam,
1116 2493 1271 2558 obseratis
1284 2495 1434 2560 omnibus
1478 2573 1482 2578 Ι

310 2578 444 2643 firmiter
466 2579 576 2663 portis,
600 2589 632 2642 et
646 2599 705 2641 nec
721 2598 833 2640 sonum
849 2579 887 2640 in·
897 2599 935 2640 ea
950 2576 1091 2663 aliquem
1108 2578 1236 2643 omnino
1251 2579 1433 2644 facientem.

311 2662 559 2728 Considerantes
582 2662 676 2748 argos
704 2683 777 2726 cum
800 2662 908 2724 ociosa
931 2662 1145 2746 oportunitate
1168 2663 1337 2744 civitatem,
1371 2663 1433 2727 fos-

311 2755 391 2828 sata,
424 2755 539 2810 stratas
562 2756 594 2810 et
615 2747 697 2829 loca,
724 2745 781 2808 ubi
804 2746 910 2830 aptius
934 2755 1265 2828 castrametarentur,
1299 2746 1432 2828 nullum,

309 2893 511 2903 Μ

636 2926 802 2977 Benenato
827 2926 868 2976 ΙΙ.
897 2927 987 2979 codd.
1014 2927 1102 2980 B..0.

311 3029 445 3096 quendam
470 3025 679 3090 Longobardum
711 3027 858 3093 capientes,
892 3029 969 3078 minis
1004 3035 1178 3090 extorserunt,
1204 3037 1233 3082 ut
1265 3031 1307 3082 eis'
1332 3029 1431 3081 vadum

311 3103 427 3153 fluminis
452 3100 614 3162 ostenderet,
640 3105 674 3149 et
698 3101 748 3150 sic
774 3101 903 3150 demum
930 3103 1071 3153 constratis
1098 3103 1222 3168 pontibus
1243 3120 1290 3170 per
1314 3103 1431 3154 triduum

310 3175 499 3226 incolumis
516 3173 662 3224 transivit
681 3174 813 3225 exercitus
833 3175 926 3224 omnis.
966 3175 1127 3227 Posthac
1147 3177 1294 3242 Papienses
1315 3182 1341 3227 et
1366 3175 1431 3226 Ore·

311 3263 454 3300 monenses
475 3263 534 3297 cum
554 3245 644 3296 valido
662 3248 781 3297 exercitu
807 3263 836 3298 se
861 3249 1069 3314 imperatori
1090 3251 1340 3313 coniungentes,
1367 3251 1432 3313 quia

312 3328 338 3373 et
347 3322 400 3387 ipsi
411 3323 501 3372 hostes
512 3319 752 3370 Mediolanensium
764 3321 923 3380 existebant,
946 3328 1092 3388 repente
1104 3328 1218 3374 castrum
1233 3323 1276 3372 cui
1286 3322 1430 3372 Trittinmt

311 3411 409 3447 nomen
431 3399 496 3456 erat,
515 3392 562 3442 ubi
586 3393 705 3458 presidia
731 3393 972 3445 Mediolanensium
993 3390 1127 3457 fueranth,
1148 3394 1302 3446 obsidentes
1323 3400 1356 3445 et
1375 3409 1429 3444 ex-

311 3473 506 3536 pugnantes
533 3471 669 3535 ceperunt.
714 3467 862 3533 Imperator
888 3485 950 3518 vero
977 3463 1156 3519 Mediolanioi
1182 3463 1431 3534 appropinquaret,

311 3542 431 3609 premisit
450 3539 625 3590 marscalcum
641 3556 716 3590 suum
731 3555 790 3590 cum
807 3541 842 3590 50
855 3541 985 3592 militibus
1005 3541 1047 3592 ad
1062 3541 1315 3605 investiganda
1334 3557 1429 3608 opor·

311 3621 399 3666 tuna
426 3619 600 3664 castrorum
626 3610 716 3664 local.
756 3615 885 3675 Quibus
913 3615 989 3664 dum
1009 3631 1042 3665 se
1062 3613 1232 3664 Ekkebertus
1259 3630 1349 3664 comes
1375 3615 1429 3664 Au·

310 3690 392 3740 striae
413 3702 484 3736 cum
502 3685 555 3736 500
576 3692 609 3736 et
635 3703 671 3737 eo
692 3687 840 3752 amplius
860 3687 1011 3738 militibus
1031 3688 1220 3750 sociasset,
1242 3687 1431 3738 consideratis

312 3766 480 3813 castrorum
501 3759 607 3822 locis,
629 3759 701 3810 dum
722 3759 851 3823 redirent,
874 3766 900 3810 et
920 3777 1009 3811 comes
1029 3758 1210 3826 predictus
1231 3761 1429 3826 aliquantu·

238 3971 240 3976 γ
311 3920 334 3974 a)
352 3922 502 3963 ostenderent
523 3923 574 3964 Al.
665 3921 688 3976 h)
710 3923 825 3965 Trictlum
839 3925 889 3965 Aa.
987 3923 1009 3975 c)
1033 3927 1056 3964 et
1078 3925 1109 3964 M.
1126 3924 1181 3976 As,
1204 3926 1362 3966 Mediolanum
1378 3925 1428 3966 Ar.

311 3980 335 4034 d)
363 3992 393 4022 m.
416 3992 434 4021 s.
462 3992 480 4020 c.
503 3982 531 4024 50
555 3992 585 4025 m.
608 3995 631 4034 p.
653 3983 703 4024 Al.
794 3981 816 4036 e)
839 3983 981 4026 Eckebertus
1004 3983 1045 4024 Ar
1070 3995 1157 4034 semper.
1186 3985 1188 3989 “
1248 3983 1266 4036 l)
1289 3986 1360 4034 igitur
1379 3985 1430 4024 At.

310 4055 353 4152 1:5¹
368 4039 518 4140 ggaffipugrpm
535 4041 577 4084 02.
645 4040 669 4094 h)
686 4047 752 4083 erant
768 4043 810 4084 Gt.
879 4041 896 4094 i)
913 4043 1046 4084 Mediolano
1063 4043 1107 4083 02.
1180 4042 1205 4094 k)
1221 4045 1362 4094 appropians
1385 4043 1427 4086 02.

313 4230 341 4298 1)
365 4227 478 4294 Treaao,·
506 4232 560 4283 iam
580 4239 660 4286 antea
679 4243 799 4300 capricum
822 4254 848 4286 v.
875 4233 1013 4285 Lehmann
1038 4251 1065 4298 p.
1092 4185 1136 4296 3⁰6,
1163 4231 1210 4298 qui
1234 4233 1312 4284 etiam
1337 4233 1370 4284 de
1390 4237 1454 4285 ae·'

311 4303 448 4370 quantitas
471 4305 567 4372 fusius
591 4308 650 4374 epit.
725 4306 754 4375 2)
786 4308 819 4360 de
844 4308 996 4373 Bubingov,
1025 4305 1125 4358 Ottont‘s
1149 4305 1221 4360 Fris.
1248 4313 1315 4358 cont.
1334 4305 1430 4360 satec.

310 4395 332 4430 c.
354 4380 397 4443 11,
418 4375 468 4431 Sd.
487 4379 547 4444 XX,
562 4397 593 4446 p.
614 4382 677 4432 308.
804 4373 807 4381 ’
