2988 5058
258 305 312 358 338
424 304 575 358 OLIVERI
593 302 751 355 RELATIO
771 302 821 352 DE
840 301 972 352 EXPED.
992 300 1208 352 Daumius.

185 489 288 539 ratast
307 473 441 548 per'egrini
460 481 576 546 ipsorum
595 476 719 528 Mecham
743 474 885 526 tendentes
904 475 948 527 vel
974 475 1008 527 ab
1028 490 1061 526 ea
1080 480 1245 526 revertentes
1264 477 1408 527 uausire

261 555 363 610 salente
384 559 411 604 et
429 555 476 619 qui
494 553 545 603 hec
564 555 687 618 potenter
705 549 830 611 tenuerit,
850 548 1007 609 Ierusalem,
1036 565 1096 599 curn
1116 549 1240 610 voluerit,
1259 550 1407 615 graviter

261 629 341 680 nimis
362 643 421 678 cum
441 628 514 692 agris
534 631 561 675 et
578 624 665 674 vineis
683 622 776 672 ledere
794 623 900 687 poterit.
947 623 1026 672 Hauc
1046 623 1259 689 conpositionem
1279 637 1404 689 accep-

261 701 371 754 tandam
391 716 450 751 esse
470 705 497 750 et
515 698 607 750 utilem
628 695 824 757 christianitati,
843 711 892 746 rex
911 701 938 748 at
956 697 1135 761 Francigene,
1162 711 1253 747 comes
1273 695 1404 747 Cestrie

262 791 322 826 cum
355 775 504 840 capitaneis
535 771 782 822 Theutonicorum⁸
799 776 976 820 ‘censuerunt
1006 770 1188 836 pertinaciter.
1234 769 1296 819 Nae
1333 769 1402 820 hoc

261 847 411 904 mirandum
429 846 488 910 fuit,
509 848 572 911 quia
590 844 671 910 longo
691 844 786 894 minori
805 858 883 908 pace,
903 858 955 908 que
974 845 1047 908 prius
1067 842 1159 893 oblata
1176 837 1295 905 luetati,
1320 858 1401 892 con-

260 923 327 972 tenti
346 919 468 983 luissent,
487 920 559 969 nisic
583 932 649 968 sano
670 916 781 968 consilio
808 921 880 967 esset
899 917 938 967 eis
962 917 1108 968 obviatum.
1146 917 1266 980 Legatos
1286 921 1399 966 autem

262 1009 330 1046 cum.
341 992 500 1060 patriarcha,
520 991 738 1056 archiepiscopis,
758 990 902 1056 episcopis,
915 989 1084 1055 Templariis,
1097 988 1298 1055 Hospitalariis,
1323 1005 1398 1039 cnm

261 1068 383 1119 omuibus
407 1065 487 1116 Italie
513 1065 661 1130 capitaneis
688 1062 831 1128 multisque
855 1063 915 1114 aliis
941 1063 1115 1129 prudentibus
1142 1061 1289 1113 efficaciter
1319 1063 1397 1112 huic

260 1139 385 1192 hastatui
410 1155 440 1190 se
464 1139 596 1205 opposuit,
619 1135 815 1188 rationabiliter
840 1136 993 1199 ostendens,
1013 1136 1168 1186 Damiatsm
1187 1151 1247 1186 csse
1267 1137 1396 1202 capien-

262 1215 323 1265 dam
343 1217 406 1264 aute
426 1214 523 1262 omnia.
563 1210 661 1277 Opinio
682 1209 788 1260 diversa
800 1211 906 1276 peperit
920 1209 1091 1260 discordiam.
1130 1209 1188 1271 Qua
1208 1211 1262 1260 cito
1280 1208 1395 1260 sedata

261 1287 348 1338 fuerat
377 1292 485 1352 propter
514 1299 680 1334 communem
707 1285 905 1334 necessitatem.
958 1283 1067 1333 Interea
1095 1281 1222 1334 soldanus
1250 1297 1391 1346 maguam

261 1352 483 1412 multitudinemd
502 1358 623 1424 peditum
643 1355 766 1406 clanculo
786 1371 834 1422 per
852 1355 915 1407 loca
933 1355 1063 1422 palustria
1083 1357 1155 1406 misit
1174 1355 1209 1405 ad
1229 1356 1391 1417 civitatem,

262 1448 373 1499 quorum
400 1431 510 1482 ducenti
529 1431 707 1496 quadraginta
727 1430 877 1481 christianis
903 1429 1114 1480 dormientibus0
1132 1429 1239 1479 fuerunt
1261 1429 1391 1494 ingressi

164 1509 249 1554 Noai.
263 1505 397 1557 dominica
415 1509 477 1571 post
495 1503 592 1555 festum
603 1503 727 1555 Omnium
747 1509 911 1554 sanctorum.
948 1502 1068 1553 Tandem
1082 1518 1131 1567 per
1144 1502 1288 1553 clamorem
1309 1503 1390 1568 vigi-

260 1578 315 1632 lum
335 1579 419 1629 occisi
437 1583 499 1628 sunt
517 1583 544 1627 et
564 1577 636 1642 capti
655 1592 721 1642 quos
741 1575 921 1627 adducentes
939 1581 968 1626 et
979 1575 1071 1643 plures
1085 1591 1144 1626 esse
1163 1577 1387 1641 conputavimus.

163 1668 250 1714 aaut.
336 1651 378 1700 14.
398 1651 488 1702 Nonas
505 1650 672 1710 Novembris,
689 1648 829 1700 salvatore
845 1649 938 1700 muudi
952 1655 1082 1715 regnante
1092 1654 1120 1699 et
1130 1649 1236 1700 domino
1246 1641 1392 1699 Albsrtof
1477 1707 1478 1714 ἵ

259 1723 407 1776 Albanensi
423 1725 550 1791 episcopo
569 1722 718 1790 apostolice
737 1722 809 1774 sedis
825 1723 961 1788 legatione
975 1723 1099 1774 sollerter
1116 1723 1276 1789 iungentet,
1296 1727 1388 1788 capta

261 1803 301 1850 est
320 1799 449 1848 Damiata
467 1799 570 1863 absque
594 1796 740 1855 deditione,
764 1797 822 1846 sine
842 1796 1006 1860 defensione,
1031 1797 1089 1847 siue
1106 1795 1224 1847 violenta
1244 1795 1386 1862 depreda-

258 1872 332 1922 tione
358 1886 417 1921 cum
441 1869 565 1933 tumultu,
596 1875 626 1920 ut
653 1869 705 1920 soli
723 1869 794 1920 Fiho
814 1870 867 1920 Dei
896 1869 1035 1921 evidenter
1063 1869 1226 1920 asscribatur
1249 1870 1380 1920 victoria.

259 1943 311 2007 Qui
338 1944 423 2010 primo
450 1943 550 2010 populo
575 1959 623 1994 auo
654 1943 803 2008 ingressum
828 1944 856 1992 in
882 1944 1016 2009 Egyptum
1043 1943 1188 2008 inspiravit
1215 1947 1242 1992 et
1269 1941 1379 1992 ibidem

258 2018 329 2070 vires
348 2018 516 2069 ministravit.
554 2017 668 2066 Etcum
689 2022 830 2081 caperetur
856 2017 952 2068 civitas
976 2017 1005 2066 in
1023 2015 1111 2066 oculis
1130 2017 1202 2081 regis
1220 2014 1380 2076 Babilonis,

258 2106 312 2142 non
331 2090 382 2140 luit
399 2105 479 2141 ausus
499 2105 571 2140 more
596 2088 675 2140 solito
697 2088 795 2140 Christi
816 2089 913 2141 milites
937 2089 972 2139 ad
993 2088 1176 2140 defensionem
1202 2094 1311 2156 paratos
1328 2103 1381 2154 per

257 2165 386 2216 fossatum
414 2167 532 2215 nostrum
562 2162 684 2228 aggredi.
733 2162 837 2212 Eodem
867 2164 953 2213 eciam
981 2168 1102 2230 tempore
1128 2163 1223 2214 fluvius
1256 2163 1383 2214 excrevit

257 2237 397 2288 uberrimis
416 2237 493 2302 aquis
511 2235 640 2287 fossatum
664 2234 787 2301 implens.
834 2236 897 2302 Ipse
916 2252 980 2287 vero
1007 2236 1132 2287 confusus
1160 2235 1267 2302 propria
1287 2241 1380 2286 castra

259 2310 404 2362 combussit
424 2316 451 2362 et
468 2310 546 2374 fugit.
584 2310 659 2360 Deus
678 2314 776 2372 autem,
796 2310 842 2374 qui
860 2312 940 2360 tertia
960 2309 1004 2360 die
1018 2325 1102 2375 aquas
1115 2325 1195 2376 super
1207 2307 1380 2360 firmamento

259 2383 435 2449 congregavit
453 2385 481 2434 in
499 2383 588 2434 locum
607 2397 697 2446 unum,
722 2384 781 2448 ipse
800 2385 938 2447 agonistas
962 2399 1025 2434 suos
1044 2399 1092 2449 per
1110 2397 1195 2448 aquas
1215 2382 1295 2433 maris
1313 2397 1378 2448 par-

260 2455 334 2508 duxit
353 2456 389 2507 ad
407 2462 511 2524 portum
531 2457 656 2506 Damiate
681 2471 772 2506 mense
791 2456 863 2518 Maio
882 2456 950 2506 feria
969 2457 995 2507 3.
1041 2456 1159 2507 Eosdem
1184 2455 1303 2506 traduxit
1325 2470 1379 2520 per

258 2530 350 2582 Nilum
370 2529 406 2580 ad
425 2529 603 2581 obsidendam
624 2530 759 2580 civitatem
780 2545 871 2581 mense
884 2524 1053 2580 Februario¹¹
1072 2529 1140 2580 feria
1153 2529 1180 2579 3.
1209 2529 1286 2579 Idem
1299 2522 1376 2595 ipsei

259 2605 333 2670 cepit
357 2604 494 2655 civitatem
519 2605 589 2653 iuter
607 2617 691 2668 aquae
716 2603 794 2653 sitam
820 2602 887 2654 feria
912 2603 939 2654 3.
959 2597 1073 2654 mensali
1091 2602 1247 2654 Novembri.
1293 2601 1377 2652 Hanc

137 2677 352 2740 salutamen
370 2676 454 2728 ritule
475 2671 666 2740 conternantil,
686 2691 739 2741 que
757 2677 835 2727 tertio
854 2682 999 2728 terremotu
1017 2676 1147 2727 subversa
1165 2681 1214 2740 est,
1234 2690 1376 2741 possumus

258 2749 416 2806 assimilare.
447 2748 565 2800 Vitulam
578 2747 746 2816 appellamus
765 2756 874 2816 propter
893 2751 950 2801 eius
969 2750 1118 2801 lasciviam.
1157 2749 1279 2800 Piscibus
1293 2747 1380 2809 euim,

258 2823 352 2875 avibus
372 2828 400 2874 et
417 2824 534 2889 pascuis,
559 2823 698 2890 frumento,
726 2825 790 2874 ortis
810 2830 837 2874 et
854 2824 982 2891 pomeriis
1000 2822 1174 2886 habundavit,
1200 2820 1375 2888 negotiando,

258 2895 578 2964 pyraticam,exercendo
597 2896 703 2947 deliciis
724 2897 827 2948 effluxit
845 2899 873 2947 in
893 2897 982 2964 culpa,
1009 2896 1162 2964 pereffluxit
1181 2897 1209 2946 in
1234 2895 1373 2960 gehenua3

259 2969 307 3022 sed
327 2983 380 3022 una
398 2969 464 3022 hora
482 2971 556 3020 venit
574 2969 698 3020 iuditium
714 2971 780 3022 eius.
820 2969 1055 3022 (Jorrtemantemm
1074 2970 1196 3034 dicimus,
1215 2970 1279 3035 quia
1297 2970 1374 3034 quasi

257 3045 337 3094 tertio
354 3047 499 3094 terremotu
517 3043 682 3094 habitatores
702 3044 759 3095 eius
777 3044 921 3110 perierunt,
937 3045 997 3110 ipsa
1010 3049 1101 3095 tamen
1121 3044 1226 3108 integra
1238 3047 1372 3092 manente.

258 3116 282 3167 A
303 3116 396 3168 Grecis
416 3121 444 3166 et
455 3117 560 3168 Latinis
579 3119 664 3183 primo
683 3116 733 3167 fuit
752 3117 870 3180 obsessa,
890 3119 936 3184 qui
955 3117 989 3168 ab
1010 3133 1043 3168 ea
1063 3116 1228 3168 defecerunt.
1266 3114 1374 3166 Deinde

258 3189 307 3241 sub
327 3187 486 3242 limalrico¹¹
506 3189 720 3242 lerosolimitauo
745 3205 809 3256 rege
836 3193 931 3241 iterum
958 3206 974 3241 a
995 3191 1108 3253 Latinis,
1136 3191 1182 3256 qui
1207 3204 1261 3240 non
1285 3187 1373 3256 proie-

260 3269 360 3315 cerunt.
406 3263 466 3314 Hac
488 3265 549 3314 vise
575 3265 659 3314 tercia
683 3278 732 3314 rex
750 3279 844 3328 regum
871 3270 898 3314 et
922 3264 1045 3315 dominus
1071 3264 1263 3314 dominantium
1288 3262 1373 3313 servis

258 3338 314 3388 suis
332 3335 444 3388 tradidit
454 3335 575 3388 Christus
595 3337 699 3396 lhesus,
720 3338 766 3402 qui
778 3337 871 3398 vineit,
890 3343 985 3402 regnat
1000 3343 1026 3389 st
1038 3340 1161 3404 imperat,
1181 3338 1227 3402 qui
1246 3336 1373 3387 sementis

258 3411 360 3475 irrigua
388 3411 502 3461 siccavit
526 3410 642 3475 ligytiis,
671 3410 717 3475 qui
743 3409 863 3461 confudit
892 3417 1035 3476 operantes
1063 3411 1178 3462 sericum
1208 3414 1236 3460 et
1261 3409 1372 3468 bissum,

135 3498 172 3541 us.
183 3499 217 3551 19,
227 3499 247 3541 9.
258 3483 407 3548 plectentes
428 3489 454 3535 et
473 3489 594 3534 texentes
613 3481 731 3535 subtilia.
769 3482 829 3533 Tali
849 3483 918 3534 duce
938 3485 1076 3535 christiani
1100 3483 1199 3534 milites
1218 3483 1370 3532 Damiatam

257 3557 381 3622 ingressi,
406 3555 511 3624 plateas
532 3558 589 3608 eius
608 3557 767 3607 invenerunt
785 3562 882 3608 stratas
902 3557 1078 3609 cadaveribus
1106 3562 1266 3607 mortuorum
1291 3555 1370 3622 pesti·

257 3628 342 3680 lentis
361 3635 389 3680 et
406 3630 477 3680 fame
497 3629 689 3692 deficientium,
709 3645 801 3680 aurum
821 3636 849 3680 et
867 3637 1007 3696 argentum
1026 3630 1137 3682 multum
1156 3630 1245 3690 nimis,
1270 3643 1370 3696 pannos

258 3704 357 3754 sericos
388 3703 589 3769 negotiatorum
621 3704 649 3752 in
679 3703 872 3765 habundantia,
900 3709 1010 3756 vestes⁰
1039 3704 1175 3772 preciosas
1201 3708 1229 3753 et
1252 3706 1368 3762 ornatum

257 3775 359 3829 saeculi
380 3790 440 3826 cum
458 3778 533 3826 varia
551 3774 747 3842 suppellectile,
766 3778 875 3844 iusuper
887 3777 1096 3829 habundantiam
1116 3777 1266 3844 specierum
1285 3775 1367 3826 diver,

256 3955 280 4007 a)
294 3957 344 4006 Qus
360 3958 424 4008 pacis
441 3959 623 4008 composicio...
638 3957 788 4000 ‘l'beutonicis
804 3960 880 4000 miuus
895 3959 990 4010 provisu
1010 3964 1034 4002 et
1054 3961 1211 4010 inposterum
1227 3969 1275 4000 nou
1290 3966 1367 3998 caveu-

256 4018 317 4057 tlbus
333 4017 455 4056 admodum
470 4018 546 4067 primo
567 4021 632 4066 grata
648 4016 699 4060 tuit
714 4017 741 4058 L.
810 4017 976 4071 b)1⁴uerantc.
1053 4018 1074 4071 e)
1089 4019 1130 4060 ubi
1144 4031 1162 4061 c.
1179 4017 1237 4070 (ierit
1252 4000 1321 4068 ipro
1334 4000 1364 4073 b).

256 4074 282 4125 d)
297 4086 383 4125 magna
398 4076 546 4118 multitudiue
561 4087 603 4120 rec.
618 4087 685 4117 mona
705 4087 762 4118 corr.
779 4087 886 4126 magnam
902 4079 1072 4119 multitudinem
1088 4090 1106 4119 c.
1160 4076 1182 4130 e)
1198 4078 1270 4118 liaeus
1286 4077 1363 4121 adali.

255 4133 359 4186 nPetro
375 4135 416 4186 L.;
431 4135 527 4185 Pelagio
543 4135 568 4176 θ.
586 4159 612 4168 -
627 4135 745 4180 Albaue.
791 4134 814 4188 g)
831 4147 892 4177 anno
913 4139 988 4186 gratie
1010 4139 1075 4181 1219.
1091 4137 1142 4180 odd.
1158 4138 1183 4179 h.
1230 4135 1255 4188 h)
1271 4136 1334 4180 Freb'
1347 4150 1364 4180 c.

254 4192 273 4245 i)
289 4195 339 4244 ipse
356 4195 417 4244 cepit
431 4195 455 4234 in
470 4206 515 4236 ror.
533 4206 550 4234 c.
630 4193 655 4245 k)
671 4207 702 4238 m.
717 4195 745 4236 N.
759 4205 866 4248 superem.
882 4207 899 4238 r.
981 4195 998 4248 l)
1015 4195 1161 4238 consternato
1177 4196 1204 4237 L.
1282 4195 1312 4248 m)
1326 4196 1364 4238 cc·

255 4257 395 4294 sternentem
411 4253 438 4296 L.
505 4251 530 4306 n)
546 4253 664 4296 amatrice
679 4265 709 4305 o.,·
724 4253 849 4296 Amauriec
866 4255 905 4307 dtr
921 4256 1038 4298 almarico
1053 4257 1080 4297 L,
1146 4254 1169 4308 o)
1185 4258 1261 4297 vestes
1277 4265 1365 4308 -sup-

254 4312 373 4364 pellectile
389 4313 431 4353 dec.
449 4312 475 4354 θ.
