3102 4978
335 406 370 458 32
484 404 803 458 curiosissimum
824 405 1066 459 conouiuusis
1086 408 1119 459 A.
1136 407 1308 460 oet-1001.

334 573 458 658 gesima
479 571 565 636 facta
585 571 708 655 fuisset,
736 574 874 658 peractis
902 575 1072 638 missarum
1098 572 1326 660 sollempniis³,
1355 576 1455 641 dumi

333 656 427 722 valde
461 665 629 741 egrotaret,
661 657 778 721 iterum
811 656 993 721 consulens:
1028 657 1141 739 ‘Ecce’,
1175 659 1288 744 inquit,
1317 660 1455 741 ‘morior,

334 738 507 806 Ierusalem
530 762 594 804 non
616 740 692 819 vidi,
716 762 814 827 quare
836 762 888 805 me
903 740 1073 808 fefellisti?
1096 742 1160 823 Qui
1176 764 1250 806 oum
1264 765 1455 829 responsum
1539 745 1541 752 '

334 826 522 910 accepisset,
538 825 614 910 quia
628 822 803 890 Ierusalem
822 826 1007 901 cantaverit,
1029 836 1102 892 acta
1117 847 1260 973 congrua
1273 827 1456 912 penitencia

335 910 376 975 de
408 908 638 1056 supersticione
671 929 739 988 sua,
771 929 835 972 non
867 908 966 973 multo
995 921 1068 995 post
1094 909 1248 976 cathoice
1278 912 1371 994 obiit,
1403 911 1455 975 cui

335 995 429 1059 etiarn
471 991 611 1057 ohannes
635 991 739 1078 [XVI.
749 991 772 1080 ⁰]
797 991 960 1057 successit.

272 1091 323 1132 sua.
410 1083 453 1134 10.
485 1083 515 1135 A.
536 1083 572 1133 D.
592 1083 655 1133 994.
702 1081 817 1133 Sanctus
835 1082 961 1134 Alhertus
975 1083 1009 1134 de
1022 1083 1110 1149 Praga
1124 1085 1232 1135 civitate
1246 1084 1369 1136 aPrucis
1385 1101 1453 1135 mar-

333 1157 403 1222 tyrio
424 1160 573 1208 coronatur.

410 1230 453 1280 13.
491 1229 524 1278 A.
544 1230 578 1280 D.
599 1229 661 1278 997.
701 1227 841 1279 cunradus
862 1227 915 1279 dux
933 1229 1008 1280 obiit.
1046 1229 1160 1280 Iohanni
1181 1245 1251 1297 pape
1270 1229 1392 1281 succedit
1409 1231 1453 1281 Io-

209 1304 439 1358 toron-hunnos
458 1297 544 1362 vni,
564 1303 609 1366 qui
629 1308 656 1352 et
670 1301 815 1352 Passurus.

411 1370 458 1434 16.
492 1369 532 1439 Α.
549 1367 591 1431 D.
608 1369 699 1432 1000.
735 1367 884 1431 Domnus
913 1368 1094 1452 Evergerus
1126 1368 1325 1434 Coloniensis
1354 1369 1454 1433 archi-

335 1453 507 1538 episcopus
531 1451 626 1533 obiit,
650 1452 703 1514 cui
725 1451 886 1516 succedit⁰
909 1460 1038 1516 sanctus
1061 1453 1259 1518 Heribertus.

272 1541 325 1586 it'ii.
410 1542 453 1594 1⁷.
490 1542 522 1594 A.
542 1541 578 1594 D.
600 1542 679 1596 1001.
719 1541 782 1594 Otto
800 1543 945 1608 imperator
965 1541 1163 1608 expeditionem
1175 1545 1229 1594 iarn
1245 1544 1328 1596 tercio
1343 1559 1453 1595 movens

334 1617 362 1666 in
382 1616 498 1667 Ytelinm
519 1620 611 1668 contra
630 1613 791 1668 rebellantes
810 1615 956 1676 Romanos,
981 1631 1117 1668 veneno
1144 1632 1160 1668 a
1185 1616 1332 1668 muliere
1357 1616 1453 1682 dato,
1505 1651 1520 1664 .

670 1759 836 1812 Receusio
856 1761 950 1812 codd.
970 1761 1035 1813 Bi.
1057 1759 1115 1812 02.

173 1865 324 1909 Foramina.
410 1853 453 1903 10.
485 1853 515 1902 A.
531 1853 566 1902 D.
582 1853 644 1904 994.
678 1852 792 1904 Sanctus
810 1853 935 1904 Albertus
954 1853 1116 1904 Prachorum
1137 1854 1279 1920 episcopus
1300 1871 1359 1905 cum
1378 1855 1454 1920 genti

333 1927 478 1978 Pruzorum
496 1926 606 1976 verbum
625 1926 679 1976 vite
698 1925 858 1991 predicaret,
878 1941 895 1976 a
913 1928 1026 1993 paganis
1047 1928 1146 1993 septies
1165 1927 1298 1992 perfossus
1319 1933 1346 1978 et
1366 1928 1454 1993 capite

333 2004 480 2062 truncatus,
498 1999 582 2050 tribus
602 1998 697 2049 diebus
717 1998 750 2048 ab
770 1999 861 2064 aquila
881 2001 1029 2052 custoditus
1048 2007 1097 2063 est,
1118 2007 1144 2050 et
1157 2003 1241 2066 primo
1256 2000 1327 2068 apud
1339 2000 1454 2051 Polanos

334 2073 489 2132 tumulatus,
509 2071 557 2123 sed
576 2077 670 2138 postca
689 2086 706 2120 a
720 2070 847 2124 Rulezlao
869 2072 936 2144 duce
957 2073 992 2123 ad
1011 2073 1104 2124 sedem
1123 2089 1198 2124 suam
1211 2074 1342 2124 Pracham
1361 2074 1454 2124 urbem

334 2163 437 2200 summo
458 2163 517 2196 oum
537 2146 637 2196 honore
657 2151 697 2195 est
716 2143 825 2196 relatus.

408 2220 440 2270 A.
455 2220 489 2270 D.
505 2219 584 2270 1001.
612 2219 675 2270 Otto
691 2245 723 2255 -
740 2245 773 2254 -
788 2219 931 2270 Romanos.
956 2220 1023 2269 Nam
1038 2218 1209 2270 Crescentius
1223 2213 1357 2284 quidamf,
1371 2225 1455 2270 stran-

334 2292 427 2358 gulato
447 2292 596 2342 Benedioto
616 2307 696 2358 papa,
721 2291 794 2342 sedis
819 2292 967 2356 apostolice
993 2297 1130 2357 assumpta
1153 2292 1303 2356 tyrannide,
1323 2294 1456 2358 oppressit

334 2367 460 2429 Romam,
489 2367 588 2416 invasit
613 2365 745 2427 Ytaliam,
775 2365 917 2416 arbitratus
945 2364 1027 2414 facile
1056 2366 1208 2416 universum
1238 2366 1379 2432 imperium
1407 2382 1454 2416 sue

334 2439 486 2505 potestatit
505 2439 612 2501 cedere,
635 2439 734 2504 quippe
754 2439 880 2504 quicum
900 2439 954 2489 suis
974 2439 1096 2488 omnibus
1122 2453 1151 2487 se
1178 2438 1309 2488 munierat
1334 2439 1362 2488 in
1387 2438 1454 2488 vali·
1532 2436 1541 2460 ¹

336 2512 447 2562 dissime
458 2510 570 2562 Adriani
590 2512 767 2578 imperatoris,
787 2527 856 2577 quae
871 2517 897 2561 et
909 2509 1070 2562 Theoderici
1086 2507 1215 2576 tyrannih
1229 2512 1352 2577 opinatur
1364 2511 1455 2575 fuisse,

335 2585 447 2645 fabrica,
467 2601 519 2650 que
539 2587 596 2635 sine
616 2583 672 2634 ulla
690 2584 800 2636 lesionis
820 2585 917 2636 iniuria
937 2590 1030 2634 contra
1048 2599 1153 2634 omnem
1172 2584 1340 2650 impulsionis
1353 2585 1454 2635 machi-

336 2673 398 2709 nam
417 2658 513 2708 durare
533 2657 638 2708 videtur
657 2659 685 2707 in
704 2657 804 2708 secula.
844 2657 927 2708 Cuius
952 2657 1123 2707 insolentiam
1148 2673 1196 2708 rex
1221 2658 1332 2723 indigne
1357 2658 1455 2717 ferens,

336 2731 452 2782 Ytaliam
479 2730 566 2781 tendit
592 2747 651 2782 cum
677 2731 799 2782 omnibus
826 2746 894 2796 pene
919 2731 995 2796 regni
1020 2731 1061 2781 sui
1087 2731 1267 2797 optimatibus,
1292 2747 1345 2782 non
1370 2730 1456 2781 solum
1538 2773 1539 2778 ,

335 2805 502 2870 tempestatis
521 2805 594 2855 illius
614 2803 767 2854 auctoribus
787 2819 870 2870 penas
891 2804 995 2854 debitas
1014 2803 1144 2866 illaturus,
1171 2804 1219 2854 sed
1245 2804 1325 2854 etiam
1350 2801 1455 2854 firmata

335 2878 428 2941 Rome,
449 2893 501 2942 que
515 2877 561 2928 diu
573 2874 758 2939 vacillaverat,
777 2877 843 2928 sede
857 2877 1014 2944 apostolica,
1028 2883 1120 2928 sancte
1135 2877 1250 2928 ecclesie
1264 2882 1361 2927 statum
1375 2877 1455 2926 simui

336 2957 363 3001 et
381 2951 520 3016 imperium
546 2955 724 3016 reparaturus.
763 2951 872 3001 Interea
892 2949 1046 3002 Crescentio
1073 2966 1126 2999 non
1151 2966 1208 3012 sua,
1233 2954 1263 3000 ut
1288 2949 1455 3015 opinabatur,

335 3025 446 3075 munitio
465 3025 571 3090 imperii
590 3023 711 3088 gloriam,
735 3023 783 3074 sed
809 3023 917 3088 longam
945 3025 1060 3074 carceris
1085 3021 1221 3072 efficiebat
1245 3021 1402 3083 custodiam,
1430 3028 1457 3073 et
1537 3035 1538 3080 ζ

335 3112 415 3162 quem
433 3096 601 3162 imperatoris
620 3095 809 3160 longanimitas
833 3112 883 3148 sua
907 3111 1067 3162 suorumque
1091 3096 1144 3147 sibi
1168 3095 1273 3146 indulta
1296 3097 1455 3165 impunitate

335 3171 444 3221 flectere
463 3185 516 3220 non
535 3170 621 3235 potuit
640 3168 675 3218 ad
695 3169 874 3233 dedicionem,
900 3171 997 3221 iustam
1016 3184 1080 3220 suae
1100 3169 1153 3219 Dei
1171 3168 1272 3219 iudicio
1292 3169 1456 3234 pertinaciae

335 3259 430 3310 passus
450 3249 491 3294 est
508 3243 647 3293 ultionem.
681 3243 803 3293 Tandem
823 3245 893 3294 enim
912 3243 947 3292 ad
960 3243 1121 3308 presentiam
1137 3242 1203 3302 eius,
1222 3240 1276 3292 fide
1289 3242 1455 3307 interposita,

336 3321 473 3376 evocatus,
492 3317 580 3378 venit;
601 3316 725 3380 monitus,
744 3320 774 3366 ut
793 3331 853 3366 sese
874 3332 933 3366 cum
953 3315 1075 3365 omnihus
1097 3317 1152 3366 suis
1177 3316 1344 3381 imperatoris
1368 3316 1455 3380 gratie

336 3389 456 3452 dederet,
476 3395 580 3439 tumens
600 3389 705 3450 abnuit;
732 3388 819 3439 redire
845 3389 998 3454 permissus,
1023 3387 1116 3438 electis
1142 3388 1280 3451 militibus,
1305 3389 1351 3452 qui
1373 3386 1456 3438 fidem

335 3478 412 3514 suain
431 3464 529 3514 virtute
543 3455 711 3528 proterenti,
731 3477 790 3512 eum
811 3455 969 3527 perniciteri
983 3460 1192 3526 insequentibus,
1212 3462 1360 3523 revertitur,
1380 3465 1408 3511 et
1420 3459 1456 3510 ad

336 3535 438 3586 altioris
462 3534 520 3586 edis
546 3540 679 3585 secretum
704 3532 850 3585 ascendere
877 3536 1027 3599 ostiumque
1051 3531 1160 3600 pessulo
1185 3533 1327 3585 obfirmare
1352 3534 1455 3584 nititur.

337 3607 392 3658 Sed
411 3613 520 3673 repente
540 3606 669 3660 velociori
686 3609 903 3674 persequentium
921 3608 1024 3674 impetu
1042 3606 1172 3673 repulsus,
1192 3607 1308 3658 clamore
1324 3607 1352 3656 in
1371 3605 1455 3657 altum

336 3681 434 3740 levato,
454 3679 586 3745 simulque
606 3681 705 3731 strictis
724 3696 738 3731 e
758 3681 842 3731 latere
861 3697 927 3747 quos
950 3680 1149 3732 absconderant
1172 3679 1280 3745 gladiis,
1306 3681 1455 3746 perterritis

337 3755 399 3814 suis,
419 3754 477 3819 ipse
496 3768 591 3804 vecors
611 3754 725 3820 impigre
744 3769 761 3804 a
781 3768 864 3805 cavea
879 3769 929 3805 sua
942 3755 1095 3814 extrahitur,
1113 3754 1269 3819 imperatori
1280 3757 1458 3820 presentatur,

335 3832 366 3878 ut
392 3840 453 3877 reus
482 3826 630 3877 maiestatis
659 3829 748 3893 capite
778 3827 945 3894 dampnatur.
992 3828 1096 3878 Ductus
1121 3842 1185 3878 vero
1210 3829 1238 3876 in
1262 3828 1358 3878 montis
1382 3825 1455 3878 illius

335 3900 490 3967 planiciem,
509 3915 563 3965 qua
582 3904 666 3950 totam
686 3899 778 3951 videre
796 3906 889 3967 posset
912 3896 1016 3963 urbem,
1042 3900 1131 3965 capite
1156 3905 1302 3962 truncatur,
1328 3899 1455 3964 idemque

336 3987 412 4024 mons
431 3988 515 4038 usque
534 3971 614 4023 hodie
634 3973 668 4024 oh
684 3973 872 4039 triumphatum
888 3973 1036 4039 tyrannidis
1048 3979 1258 4040 presumptorem
1271 3987 1288 4022 a
1300 3972 1455 4022 Teutonicis

335 4047 413 4096 Mons
433 4043 540 4108 Gaudii,
563 4061 579 4094 a
598 4047 724 4098 Romanis
744 4053 833 4097 autem
852 4047 930 4098 Mons
948 4047 1037 4099 Malus
1061 4051 1183 4098 vocatur.
1222 4046 1339 4097 Cernens
1364 4049 1454 4094 autem

335 4120 481 4185 imperator
500 4118 618 4170 eiusdem
638 4119 744 4185 tyranni
762 4119 968 4186 pulcherrimam
994 4136 1053 4172 esse
1077 4135 1194 4183 uxorem,
1219 4120 1276 4169 eius
1300 4119 1328 4167 in
1353 4117 1453 4168 exicia·
1525 4151 1535 4164 .

336 4298 359 4352 a)
384 4301 454 4350 psoil.
470 4300 518 4342 131.
593 4299 618 4352 b)
642 4311 694 4341 cum
710 4300 754 4341 01.
831 4299 852 4352 c)
875 4310 982 4350 uipereor.
999 4301 1052 4352 131,
1074 4302 1130 4342 aaut
1145 4301 1189 4342 01.
1199 4301 1219 4341 ii.
1296 4297 1319 4350 d)
1335 4299 1391 4338 deest
1407 4298 1452 4339 dt.

336 4358 359 4413 e)
382 4360 493 4400 successit
508 4359 550 4400 02.
581 4375 609 4395 =
640 4358 730 4411 odeat
746 4359 790 4401 02.
864 4356 889 4411 g)
909 4363 1022 4410 potestate
1038 4371 1095 4401 corr.
1110 4359 1221 4410 potestati
1237 4357 1285 4400 Bi.
1359 4355 1454 4410 hiperi

335 4419 406 4469 cippi.
423 4418 472 4461 131.
533 4416 552 4471 i)
567 4420 698 4470 perneciter
711 4429 768 4460 corr.
783 4419 911 4469 perniciter
926 4419 945 4458 B
955 4421 975 4460 i.
