2988 5058
297 397 452 452 MARTINI
475 399 722 455 CONTINUATIO
742 399 995 454 COLONIENSIS.
1153 399 1208 452 355

68 564 402 654 preterfugientibus,
424 569 542 653 partim
558 569 661 654 captis
675 568 807 651 ibidem,
829 571 931 633 eciam
952 569 1023 655 ipse
1038 577 1208 652 caperetur

69 661 115 728 et
144 653 182 714 in
211 659 315 716 castro
345 649 536 716 Nidecke⁸·¹
565 675 624 739 per
652 652 826 718 triennium
859 663 891 718 et
922 661 986 718 tres
1019 674 1146 717 menses
1172 652 1207 715 in

70 734 235 802 custodia
256 734 437 806 haberetur,
481 735 568 800 Hinc
591 758 720 823 quoque
734 758 801 800 non
814 736 916 802 multo
956 745 1025 801 ost²
1046 736 1206 801 acivibus

71 817 334 887 Coloniensibus
368 819 452 883 iufra
477 819 590 886 urbem
616 822 741 907 capitur
766 830 798 886 et
823 831 915 886 custo
952 821 1285 906 emancipaturmsse.

71 905 292 1003 Quapropter
327 902 511 969 exacerbati
550 903 674 969 nobiles
714 914 747 970 et
805 914 927 970 otentes
970 905 1206 990 consanguinei
1217 926 1282 968 mee.

71 988 330 1074 archieprscopi,
362 988 486 1053 scilicet
511 987 661 1054 dominus
689 988 729 1054 de
785 988 968 1071 alkinbur,
1004 988 1101 1053 frater
1127 990 1206 1072 eius,

72 1073 149 1138 dux
178 1073 218 1138 de
240 1072 407 1156 Limburg,
435 1093 543 1136 comes
570 1072 611 1138 de
634 1071 766 1156 elevor,
795 1071 912 1138 nobilis
937 1013 980 1137 de
1001 1072 1207 1156 Heimsberg,

74 1164 280 1242 congregata
310 1155 514 1221 multitudine
546 1166 751 1238 armatorum,
783 1156 952 1223 Coloniam
983 1179 1043 1244 per
1074 1157 1206 1220 domum

75 1241 288 1306 adherentem
310 1261 413 1321 muro,
443 1242 585 1305 maximo
607 1240 697 1306 aditu
718 1240 814 1322 facto,
840 1243 961 1306 intrant
989 1250 1021 1306 et
1043 1241 1207 1305 civitatem

77 1324 231 1390 obtinere
259 1323 443 1388 moliuntur.
487 1325 533 1388 At
558 1323 734 1411 burgenses
762 1323 804 1389 ad
830 1346 920 1388 arma
947 1323 1147 1388 conclamant
1169 1333 1208 1397 ¹et

76 1409 252 1490 dominum
286 1408 326 1473 de
358 1407 561 1493 Falkinburg
589 1410 623 1472 in
649 1411 722 1496 ipso
750 1409 901 1473 introituc
929 1430 1012 1494 equo
1041 1407 1205 1472 sedentem

75 1494 185 1581 proch
217 1493 324 1557 dolor!
360 1492 565 1574 interficiunt,
601 1492 717 1559 ducem
747 1492 1014 1579 Limburgensem
1033 1493 1204 1578 capiunt⁶3

77 1579 259 1643 exteriores
281 1587 389 1641 autem
411 1599 523 1642 omnes
545 1577 579 1641 fu
603 1599 655 1641 am
677 1580 846 1665 arripiunt.

166 1661 261 1725 Anno
292 1660 428 1726 Domini
461 1663 554 1743 1274,
623 1661 691 1726 rbis
726 1683 802 1726 vero
840 1659 970 1726 condite
1001 1661 1095 1741 2112,
1131 1667 1283 1744 postrata

76 1754 219 1809 mortem
251 1743 406 1808 Richardi
443 1745 529 1829 regis
563 1754 594 1810 et
624 1756 779 1830 nepotum
811 1743 970 1808 Friderici
1002 1744 1046 1806 im
1072 1743 1205 1808 cratoris

77 1825 332 1914 aliquantulam
355 1838 500 1926 tempore
521 1829 657 1913 imperio
679 1839 825 1902 vacante,
847 1829 1009 1914 principes
1065 1828 1205 1893 ermauie

78 1911 123 1975 ad
147 1910 342 1976 eleccionem
363 1934 449 1997 regrs
471 1911 708 1976 Erankonwort
735 1920 953 1977 convenerunt
981 1921 1013 1976 et
1039 1911 1205 1976 serenissi-

79 2017 173 2059 mum
202 1994 376 2060 Rodolfum
401 1996 552 2060 comitem
581 1995 622 2060 de
650 1995 910 2081 Havekensburg
938 1998 972 2060 in
993 2017 1102 2082 regern
1131 2015 1205 2058 con-

80 2079 222 2145 corditer
244 2078 423 2165 elegerunt,
455 2081 511 2167 qui
532 2091 607 2165 post
627 2079 791 2144 modicum
811 2079 1011 2166 Aquisgrani
1033 2101 1052 2143 a
1074 2079 1204 2144 domino

79 2161 273 2248 Engilberto
306 2162 550 2250 archiepiscopo
579 2163 763 2230 Coloniensi
800 2174 1021 2245 consecratus,
1058 2163 1206 2248 regnavit

79 2270 167 2314 nona
190 2249 290 2312 esimo
312 2246 383 2312 loco
405 2248 446 2314 ab
468 2251 618 2334 Augusto
638 2247 739 2314 ferme
760 2249 854 2312 annis
875 2248 999 2333 viginti.

201 2332 273 2397 uiue
294 2341 439 2418 tempore
461 2331 669 2418 Engilbertus
689 2332 951 2418 archiepiscopus
973 2330 1143 2412 decedens,
1170 2330 1203 2393 in
1215 2350 1280 2391 reu.

81 2416 170 2482 beati
186 2415 312 2482 Cassii⁰
336 2415 473 2482 ecclesia
487 2416 601 2482 Bunne
624 2416 808 2500 tumulatur,
832 2419 909 2502 quia
930 2424 1063 2502 propter
1084 2414 1204 2478 discor-

81 2501 169 2566 diam
184 2500 363 2600 predictam
379 2500 513 2568 Oolonie
535 2500 663 2587 sepeliri
684 2523 749 2566 nou
771 2510 911 2587 poterat;
935 2503 990 2566 cui
1006 2498 1202 2584 Segefridus‚

83 2583 219 2649 ecclesie
254 2586 511 2671 Moguntinensis
547 2586 731 2672 prepositus
768 2596 800 2651 et
836 2584 1036 2651 Coloniensis
1074 2583 1204 2646 maioris

84 2667 219 2733 ecclesie
252 2671 436 2744 canonicus,
469 2671 583 2736 Bunne
616 2671 650 2733 in
676 2669 955 2756 archiepiscopum
981 2667 1101 2733 electus
1130 2677 1162 2732 et
1183 2688 1204 2730 a

86 2751 213 2816 domino
235 2752 412 2838 apostolico
434 2753 591 2838 Gregorio
613 2754 749 2836 decimo,
776 2769 824 2834 qui
845 2773 872 2818 et
893 2767 1030 2832 solempne
1053 2763 1282 2827 conciliumrae.

87 2842 191 2894 scilicet
210 2846 414 2908 quingentorum
435 2845 621 2911 episcoporum
641 2861 674 2895 ac
695 2846 768 2896 mille
788 2846 915 2897 abbatum
937 2851 963 2896 et
982 2844 1095 2894 aliorum
1114 2840 1202 2910 prela·

87 2926 172 2972 torum
193 2923 327 2989 Lugduno
351 2923 563 2985 celebraverat³,
587 2911 707 2976 honore
728 2911 817 2997 pallii
836 2910 981 2977 celeriter
1002 2909 1203 2983 sublimatu&

88 2995 248 3059 successit.
294 2993 415 3058 Contra
460 3016 533 3058 uem
554 2994 645 3060 multi
667 3005 814 3080 potentes
843 3007 875 3060 et
900 2994 1025 3060 nobiles
1050 3003 1116 3057 tam
1137 2993 1204 3078 epi-

88 3078 176 3162 scopi
197 3099 292 3164 quam
314 3077 386 3141 laici
407 3099 446 3142 ve
470 3087 613 3142 ementer
639 3078 851 3165 insurgebant
870 3101 929 3164 per
958 3098 1052 3142 omne
1082 3078 1204 3162 episco-

88 3161 184 3248 pium,
199 3162 326 3247 ignemr
336 3162 456 3247 pariter
470 3163 641 3227 miscentes
656 3184 694 3226 ac
709 3162 838 3227 ferrum.
861 3165 928 3226 At&
942 3161 1204 3245 archiepiscopus

89 3267 109 3310 a
128 3247 271 3331 primeva
293 3254 376 3311 etate
398 3248 496 3310 armis
519 3248 725 3329 exercitatus,
760 3245 871 3312 doctus
893 3247 1019 3344 perpeti
1041 3241 1204 3308 celebresh

90 3331 272 3415 asperitates
287 3329 415 3414 algoris,
438 3340 470 3397 et
484 3331 592 3395 inedia
607 3331 724 3417 sitique
743 3333 875 3416 insuper
890 3338 921 3395 et
935 3327 1054 3414 vrgiliis
1068 3337 1204 3409 estuare,

89 3437 169 3479 nunc
196 3415 266 3480 istis
287 3437 372 3478 nunc
400 3414 462 3479 illis
485 3436 601 3501 equam
623 3417 727 3480 vicem
749 3415 906 3500 rependit,
936 3413 1075 3497 denique
1098 3409 1205 3475 Gode-

89 3497 203 3562 fridum
223 3499 263 3564 de
277 3498 460 3583 Arnsbergi
477 3501 626 3564 comitem
649 3511 680 3564 et
700 3498 801 3562 filium
816 3500 884 3564 eius
905 3500 939 3561 in
977 3497 1096 3562 raciam
1112 3517 1280 3560 suamrsra

91 3582 193 3656 venire
223 3583 337 3660 coeit,
368 3584 481 3648 invaso
508 3585 597 3668 prius
618 3583 758 3668 presidio
784 3583 870 3647 dicto
892 3519 1062 3668 Ncylrym⁴
1089 3600 1128 3645 ac
1151 3579 1204 3644 de-

93 3674 216 3730 structe.
296 3666 389 3732 odico
411 3677 519 3733 autem
541 3677 617 3753 post
636 3665 802 3732 intervallo
818 3665 1027 3752 Engilbertus
1042 3686 1149 3730 comes
1164 3664 1282 3729 denir.

94 3881 114 3934 a)
130 3883 226 3924 Vldeeke
241 3895 259 3923 c.
350 3882 374 3935 b)
391 3885 467 3926 Eleno
482 3897 500 3926 e.
594 3883 615 3938 c)
632 3887 718 3928 intuitu
732 3897 750 3926 e.
841 3881 865 3936 d)
882 3888 923 3925 aut
941 3885 1038 3935 capiunt
1052 3885 1106 3925 mole
1120 3885 1170 3926 add.
1187 3895 1205 3926 a

94 3941 114 3993 e)
129 3941 190 3984 cassi
205 3953 223 3983 c.
283 3939 372 3994 orgae
388 3955 405 3984 e.
466 3942 491 3996 g)
507 3943 542 3986 Ao
557 3943 586 3998 (t)
603 3957 621 3987 e.
681 3942 705 3997 h)
722 3945 825 3986 celebras
840 3955 858 3986 e.
917 3941 935 3995 i)
952 3943 1073 3994 Arusberg
1086 3955 1105 3987 a

97 4111 122 4178 1)
143 4110 298 4178 Niddeppea
314 4127 400 4178 prope
419 4112 522 4165 Detrea.
617 4113 646 4182 2)
665 4115 725 4165 Istc
743 4114 798 4167 iam
817 4121 933 4182 quatuor
952 4111 1031 4164 abab
1051 4121 1111 4165 acte
1125 4125 1206 4178 proe-

96 4183 153 4236 lium
182 4201 240 4235 cum
271 4185 361 4238 comite
393 4185 541 4240 Iuliaoecsi
572 4187 736 4240 commissum
768 4187 929 4241 accidenter.
986 4185 1026 4253 Cf.
1054 4185 1205 4248 Ocrdcmrs,

97 4254 339 4310 ‘Stddteebroaileea
378 4257 451 4311 Orln’
480 4258 510 4324 I,
534 4277 566 4326 p.
587 4261 640 4311 224
660 4279 714 4327 sqq.
827 4260 858 4327 3)
884 4260 928 4311 Ec
951 4259 1072 4312 Martiae
1101 4258 1205 4326 Oppoa.

14 4389 18 4396 ¹
97 4329 246 4392 sauls,
260 4349 292 4397 p.
309 4333 372 4385 442.
447 4331 1205 4399 4JNtoaheimieehroc.vern.00ba.11‚p.eu

97 4411 260 4465 memoratum
273 4405 394 4470 sortasse
413 4405 594 4460 Neueabeide.

908 4491 974 4556 23*
