3122 4978
290 369 477 422 CHRONICA
497 372 610 424 REGIA
630 372 882 427 COLONIENSIS.
903 375 1005 426 CONT.
1026 375 1057 426 A.
1071 376 1149 428 1198.
1222 376 1273 426 163

525 544 694 598 Beeeaaio
715 547 739 599 Ι.
760 549 852 600 codd.
873 549 906 599 A.

153 647 232 712 dicti
258 647 426 732 pontifices
447 647 489 712 ad
511 648 645 714 eandem
667 652 789 715 curiam
811 653 871 716 iter
889 652 1040 736 facerent,
1056 663 1274 738 cognoverunt

152 729 224 795 illos
245 732 310 795 iam
336 732 371 794 in
392 729 577 819 Philippum
607 734 723 798 ducem
745 735 874 818 Suevie,
903 738 1104 821 imperatoris
1132 737 1272 819 fratrem,

154 815 364 880 concordasse
385 823 418 902 et
439 838 513 881 eum
534 818 567 881 in
589 841 698 904 regem
720 817 861 905 elegisse.
895 819 990 885 Unde
1011 822 1091 886 moti
1111 820 1273 887 redierunt

154 908 187 965 et
199 898 340 966 Bertolio
358 900 432 964 duci
448 899 584 988 Oerugie
606 902 703 968 fidem
723 903 876 986 feeenmt,
921 904 986 969 uod
1005 906 1075 991 ipse
1095 907 1273 992 repatrians

153 987 330 1049 exereitum
362 1005 469 1049 secum
502 985 633 1064 duceret
665 999 697 1052 et
728 997 845 1054 statuto
877 927 939 1053 sibi
971 989 1024 1054 die
1056 990 1273 1054 Antemacum

153 1069 283 1144 rediret,
312 1090 385 1132 eum
415 1068 461 1134 ibi
487 1081 608 1135 remota
638 1073 724 1136 omni
754 1072 952 1138 dubitatione
981 1096 1089 1158 regem
1118 1083 1271 1140 crearent.

154 1151 227 1217 Hoc
250 1161 282 1217 et
309 1154 379 1238 ipse
402 1155 549 1238 promisit
570 1166 601 1220 et
622 1152 740 1220 iurauit
761 1168 793 1221 et
813 1159 946 1243 insuper
967 1156 1094 1223 obsides
1116 1158 1214 1225 dedit.

237 1237 415 1324 Designato
437 1239 536 1323 igitur
557 1239 609 1304 die
631 1261 705 1304 cum
727 1239 816 1326 apud
837 1241 1054 1306 Antennacum
1075 1241 1118 1306 ab
1147 1245 1271 1329 episco-

153 1321 203 1407 pis
225 1331 258 1385 et
279 1323 366 1386 omni
388 1321 590 1388 multitudine
612 1345 684 1388 cum
708 1336 866 1410 apparatu
895 1334 927 1389 et
948 1324 1108 1391 desiderio
1130 1329 1271 1391 maximo

153 1416 388 1492 expectaretur,
421 1428 496 1470 ecoe
523 1429 632 1472 rumor
663 1410 822 1495 pessimus
844 1410 965 1474 eteius
987 1410 1134 1496 ignaviae
1156 1411 1273 1496 dignus

153 1490 301 1572 intonuit,
333 1491 439 1577 ipsum
468 1490 590 1557 scilicet
618 1515 691 1557 cum
714 1492 795 1558 duce
818 1496 955 1558 sueviae
977 1495 1208 1560 concordassea
1230 1504 1271 1577 et,

154 1585 191 1640 ut
211 1576 281 1660 ipse
303 1597 402 1659 regno
418 1585 450 1640 et
471 1574 618 1640 electioni
638 1579 849 1659 renunciaret,
874 1579 912 1641 ll
928 1577 1017 1642 milia
1037 1600 1219 1643 marcarum
1242 1588 1273 1644 et

153 1659 304 1723 ducatum
333 1660 375 1725 ab
398 1681 435 1724 eo
458 1661 620 1746 accepisse
631 1674 652 1724 ¹.
696 1662 760 1726 Hic
786 1683 863 1745 ergo
892 1685 1002 1728 rumor
1029 1673 1061 1727 et
1087 1663 1272 1728 inhonestus

155 1754 287 1808 eventus
324 1745 481 1829 primores
513 1745 698 1812 inferiorum
731 1748 870 1831 partium
902 1748 1044 1830 graviter
1073 1745 1198 1828 afflixit,
1234 1769 1272 1812 eo

156 1828 241 1914 quod
262 1826 430 1912 indignum
453 1828 514 1892 sibi
537 1838 569 1893 et
590 1829 788 1894 intolerabile
804 1829 976 1912 videretur,
999 1833 1026 1894 si
1048 1841 1159 1897 eontra
1180 1853 1272 1896 suam

154 1909 348 1976 voluntatem
378 1912 549 1977 saevust-*⁸
576 1925 749 2012 regnasset.
794 1913 928 1979 Constat
950 1923 1066 1996 tamen,
1096 1916 1181 2001 qnod
1203 1917 1214 1979 i
1238 1938 1273 1980 se

154 1996 308 2060 nuncios⁶
323 2017 397 2060 suos
419 1994 461 2059 ad
483 1997 762 2084 archieprscopnm
778 1997 1002 2063 Coloniensem
1025 2021 1099 2063 cum
1121 1939 1272 2085 precibus

153 2081 338 2162 transmisit,
360 2080 462 2145 multa
484 2080 629 2163 offerens,
652 2082 709 2146 sed
730 2082 824 2169 plura
846 2083 1044 2190 promittens,
1067 2082 1157 2148 eiad
1179 2105 1271 2148 suam

155 2163 341 2229 electionem
364 2166 506 2229 animum
520 2163 616 2230 vellet
636 2165 800 2230 inclinare.
846 2165 911 2231 bed
933 2169 1104 2252 episcopus
1126 2166 1188 2231 hoc
1209 2165 1273 2231 sibi

153 2258 257 2315 tutum
279 2271 343 2312 non
365 2248 498 2314 credens
520 2249 572 2314 vel
593 2249 771 2332 honestum,
804 2248 883 2314 haec
906 2250 1011 2315 facere
1032 2251 1160 2336 penitus
1182 2273 1272 2316 recu-

155 2333 254 2416 savit,
273 2332 386 2398 habito
410 2356 450 2398 ue
474 2332 640 2417 oonsiliol‚
657 2335 811 2401 Ottonem
834 2335 973 2422 [Pium]
996 2335 1146 2399 comitem
1168 2335 1272 2400 Picta·

153 2418 235 2498 viae,
267 2416 369 2482 filium
436 2419 547 2482 einrici
580 2419 741 2505 quondam
776 2419 867 2483 ducis
896 2418 1066 2500 Saxoniae,
1099 2420 1132 2482 in
1163 2439 1272 2505 regem

153 2501 272 2588 eligitf.

154 2648 351 2658 ——-.-..-.1-.-ae

502 2703 664 2756 Recenrio
683 2703 725 2755 11.
745 2704 837 2755 codd.
851 2704 883 2754 B.
908 2701 935 2756 0.

153 2832 226 2882 Dum
238 2847 302 2897 ergo
313 2834 366 2883 iam
378 2832 444 2884 dicti
454 2847 519 2883 nun
530 2834 574 2884 tii
587 2832 622 2883 ad
637 2833 751 2884 eandem
765 2835 865 2884 curiam
878 2834 957 2884 veni
966 2849 1043 2884 ssen
1052 2839 1079 2893 t,
1092 2839 1276 2898 cognoverunt

153 2905 215 2956 illos
234 2907 262 2955 in
281 2905 442 2972 Phylippnm
462 2905 558 2957 ducem
579 2907 702 2968 sueviae,
721 2908 889 2974 imperatoris
908 2907 1025 2966 fratrem,
1045 2905 1224 2958 concordasse
1249 2912 1276 2957 et

154 3001 216 3035 eum
236 2986 264 3034 in
286 3001 377 3050 regem
399 2986 521 3051 elegisse.
565 2986 643 3036 Unde
664 2987 729 3036 moti
749 2987 884 3036 redierunt
899 2983 931 3037 et
946 2973 1099 3059 predictis
1115 2973 1275 3058 episcopis

155 3075 218 3141 que
250 3055 336 3120 facta
368 3056 494 3121 fuerant
526 3055 708 3121 retulerunt
774 3057 837 3136 Qui
873 3056 1079 3122 vehementer
1106 3056 1276 3142 indignati,

155 3161 193 3204 eo
216 3140 302 3226 quod
322 3161 499 3226 numquam
522 3139 637 3226 aliquis
658 3163 717 3204 rex
737 3141 772 3203 in
795 3140 956 3205 Saxonioa
977 3151 1062 3205 terra
1090 3138 1210 3225 electus
1232 3139 1274 3203 ab

156 3224 217 3288 hiis
253 3224 453 3311 principibus
487 3224 608 3306 fuisset,
638 3246 715 3288 mox
748 3237 809 3287 duci
837 3236 978 3287 Bertoltot
1007 3237 1045 3286 de
1073 3224 1274 3301 Zaringonl

154 3313 235 3366 fidem
254 3317 383 3380 iecerunt,
403 3315 474 3381 qnod
494 3315 553 3383 ipse
572 3316 721 3382 repatrians
741 3316 885 3366 exercitum
905 3330 997 3367 secum
1012 3314 1122 3366 duceret
1135 3319 1162 3364 et
1174 3318 1276 3364 statuto

155 3389 208 3440 sibi
228 3389 272 3440 die
289 3389 477 3441 Andemacum
495 3390 604 3450 rediret,
624 3405 684 3439 enm
709 3389 746 3439 ibi
771 3395 873 3439 remota
897 3389 969 3438 omni
993 3388 1159 3438 dubitatione
1184 3402 1277 3452 regem

157 3468 287 3514 crearent.
326 3462 386 3513 Hoc
407 3468 434 3513 et
452 3464 510 3529 ipse
529 3464 652 3530 promisit
671 3468 698 3513 et
716 3463 813 3512 inravit
833 3468 860 3512 et
878 3463 987 3527 insuper
1005 3458 1113 3512 obsides
1133 3459 1215 3512 dedit.

242 3537 391 3602 Designato
410 3537 492 3602 igitur
511 3563 545 3574 -
568 3563 598 3573 ·-
620 3537 648 3586 in
667 3551 758 3602 regern
778 3535 864 3600 eligit.
883 3543 912 3584 ut
930 3533 1054 3587 Recensio
1072 3532 1099 3585 Ι.

232 3719 259 3786 *)
279 3719 427 3786 Phylippus
448 3719 500 3771 dux
519 3718 578 3772 Β1.

775 3854 789 3876 4

158 3902 181 3953 ι)
197 3915 224 3944 m.
239 3913 258 3944 a.
274 3902 320 3943 XV.
336 3914 393 3942 corr.
410 3905 562 3944 concordasse
578 3905 621 3945 02.
675 3901 699 3954 b)
715 3902 816 3943 Snevlns
833 3901 876 3941 01.
894 3901 915 3941 2.
967 3899 987 3951 o)
1002 3899 1058 3937 deest
1073 3898 1123 3942 131.
1184 3896 1208 3951 d)
1226 3910 1278 3939 oon-

158 3961 212 4001 silio
224 3965 275 4011 poss
289 3963 361 4011 suppl.
378 3961 431 4011 Bl;
447 3963 469 4003 h.
484 3973 539 4011 ergo
554 3975 572 4002 o.
591 3963 610 4001 A
621 3964 641 4004 ³.
701 3961 723 4012 a)
739 3963 771 4001 ita
787 3961 835 4009 aa·
849 3964 899 4010 poet
915 3970 1000 3998 narum
1015 3959 1037 3997 in
1055 3958 1108 4007 Bl,·
1123 3958 1179 3997 decet
1190 3959 1216 3998 A.
1234 3960 1276 4000 01.

157 4019 177 4071 1)
193 4021 292 4060 columna
310 4021 374 4070 prior
389 4021 483 4070 popinae
505 4023 635 4072 insequentis
654 4021 768 4071 inopinam
785 4021 868 4059 Ottonia
883 4019 924 4059 IV.
941 4017 1027 4064 exbibet,
1047 4018 1082 4056 cui
1096 4019 1276 4068 superscriptum:

159 4079 240 4120 ΟΤΤΟ
257 4080 376 4121 11111102.
439 4079 462 4132 g)
478 4081 621 4130 Bartholpho
638 4080 680 4121 01.
740 4077 765 4131 h)
781 4081 882 4128 Zarigon
898 4077 1004 4126 Br.01;
1020 4077 1102 4126 sango
1119 4077 1161 4118 02.

163 4250 191 4313 1)
217 4249 317 4301 Rumor
342 4250 518 4302 mucereionee
537 4246 655 4316 Ptitippt
679 4249 836 4315 nauplinoin
862 4246 1041 4297 Winkelmnnn
1059 4244 1084 4307 l,
1099 4262 1129 4310 p.
1150 4245 1183 4295 72
1203 4262 1231 4294 u.
1252 4246 1279 4295 3.

989 4331 1049 4394 11*
