2988 5058
228 287 283 338 3⁸28
357 285 509 338 OLIVERI
527 284 686 337 RELATIO
705 283 756 334 DE
774 283 1023 334 EXPEDITIONE
1042 281 1256 334 DAMIATINA.

152 482 219 524 rus.
229 453 362 518 viriliter
385 450 565 537 occupavit,
588 451 657 515 sine
679 449 862 535 capitaneis,
879 449 934 534 qui
948 447 1111 536 paulisper
1124 451 1240 513 morati
1253 469 1366 534 prop-

230 547 278 602 101
300 535 420 600 dictam
442 556 571 599 causam
593 533 737 598 nondum
758 533 963 598 advenerant.
1013 533 1097 596 Fixa
1118 542 1194 597 sunt
1214 533 1366 597 tentoria

228 622 311 685 inter
332 642 420 684 mare
442 628 474 684 01
494 617 602 682 Nilum
625 639 697 682 cum
719 617 930 682 admiratione
945 639 1062 702 magua
1077 617 1364 702 subsequentium.

229 701 422 769 Incredibile
444 701 603 790 siquidem
624 700 804 782 videbatur,
826 711 943 766 terram
959 702 1032 786 capi
1071 723 1142 766 osse
1157 702 1226 765 sine
1240 700 1364 766 labore

231 789 372 852 maximo
402 796 434 852 01
455 785 607 873 periculo.
658 786 777 850 Erecta
805 795 879 850 sunt
905 796 1033 870 postmo
1058 807 1113 849 um
1138 785 1365 849 instrumenta

230 869 345 936 bellica
375 882 486 935 contra
516 871 628 936 turrim
656 870 806 934 Damiate
834 869 1001 950 famosam,
1031 890 1094 955 que
1123 869 1228 953 capud
1250 890 1362 932 unum

231 965 343 1020 catene
365 955 557 1037 continebat,
579 953 758 1040 reliquuml
780 974 845 1017 una
858 955 955 1018 turris
978 954 1116 1018 civitatis
1138 954 1179 1018 ad
1202 951 1362 1018 clauden-

230 1038 307 1103 dum
329 1037 475 1120 fluvium,
497 1062 538 1102 ne
558 1060 657 1104 naves
678 1038 888 1102 ascenderent
910 1037 1163 1102 christianorum.
1194 1036 1259 1102 Sed
1280 1057 1362 1121 pre-

229 1132 278 1188 tcr
309 1145 400 1210 spem
433 1134 575 1188 nostram
608 1132 640 1187 et
671 1122 926 1187 adversariorum
957 1122 1104 1186 timorem
1136 1144 1195 1206 per
1226 1130 1361 1207 partem

228 1205 323 1289 alvei,
354 1229 416 1294 que
444 1218 493 1272 est
523 1207 606 1272 inter
635 1208 749 1270 turrim
776 1216 808 1270 01
835 1215 952 1271 terram
974 1227 1085 1270 versus
1107 1215 1214 1269 castra
1238 1203 1360 1268 militie

230 1289 411 1373 christiane,
455 1290 557 1355 alcide
580 1312 707 1354 sursum
729 1289 824 1354 ducte
847 1299 930 1370 sunt,
952 1289 1027 1354 licet
1047 1291 1144 1354 turris
1170 1289 1361 1354 defensores

230 1373 343 1439 iaculis
376 1385 408 1439 et
432 1313 600 1459 lapidibus
627 1375 797 1439 transitum
852 1373 999 1438 rohibere
1028 1375 1214 1438 niterentur.
1268 1373 1360 1438 Con·

231 1467 348 1523 structe
371 1468 445 1522 sunt
466 1458 671 1545 postmodum
693 1458 756 1522 due
779 1396 862 1522 scale
885 1480 982 1543 super
996 1458 1078 1523 duos
1094 1479 1263 1542 coggones,
1288 1479 1360 1543 que

231 1564 305 1605 curn
327 1543 539 1607 traherentur·
553 1543 595 1606 ad
623 1543 746 1623 turrim,
776 1551 809 1606 et
835 1553 872 1606 ut
897 1542 1071 1628 putabatur
1100 1543 1195 1606 turris
1217 1565 1274 1626 per
1296 1565 1359 1606 eas

230 1647 325 1713 posse
347 1629 428 1713 capi,
452 1647 526 1690 cum
542 1626 651 1691 dolore
666 1639 774 1690 nostro
790 1647 907 1711 magno
923 1637 955 1690 et
970 1625 1139 1691 stultorum
1153 1624 1361 1710 blasphemia

230 1708 344 1790 malus,
366 1711 400 1774 in
423 1733 486 1797 quo
509 1733 666 1796 suspensa
686 1710 747 1774 fuit
769 1709 854 1774 scala
875 1709 1141 1795 Hospitaliorum,
1171 1709 1359 1775 confractus

231 1792 347 1858 cecidit
368 1817 441 1858 cum
465 1815 523 1858 suc
545 1794 696 1879 pondere.
739 1795 782 1858 Et
803 1792 992 1881 paulopost
1012 1793 1097 1860 scala
1118 1793 1209 1858 ducis
1221 1795 1359 1860 Austrie

231 1877 377 1944 similiter
391 1878 521 1961 decidit,
543 1881 641 1942 fortes
662 1879 827 1963 agonistas
840 1878 961 1943 Christi
983 1878 1133 1943 deorsum
1155 1879 1358 1963 precipitans

231 1971 263 2027 et
283 1983 343 2049 per
364 1963 497 2026 martirii
519 1961 659 2049 palmam
681 1962 723 2026 ad
745 1961 830 2027 celos
853 1961 988 2032 elevans.
1032 1963 1133 2026 Navis
1155 1983 1230 2026 vero
1246 1964 1357 2046 tertia,

232 2067 329 2132 quam
351 2046 390 2110 de
414 2045 593 2111 elemosinis
614 2047 780 2133 preparari
801 2046 935 2111 fecimus
952 2068 1026 2110 cum
1044 2046 1296 2133 propugnaculis
1319 2047 1358 2110 in

231 2130 378 2211 circuitu,
401 2152 475 2194 cum
497 2129 659 2196 castellulo
682 2131 804 2196 munito
826 2132 861 2194 in
883 2133 1065 2196 summitate
1081 2130 1157 2195 mali
1172 2133 1240 2194 sine
1255 2129 1357 2212 scala,

232 2236 329 2300 quam
350 2216 541 2280 verebamur
563 2215 767 2301 suspendere,
790 2215 938 2280 timentes
961 2215 1048 2302 quod
1069 2216 1103 2278 in
1125 2213 1196 2279 aliis
1219 2215 1356 2280 accidit:

231 2298 344 2362 eadem
375 2309 484 2363 tamen
516 2300 616 2364 horal
645 2321 718 2363 curn
744 2298 815 2363 velo
845 2298 949 2364 delata
978 2309 1027 2364 est
1055 2299 1097 2364 ad
1125 2310 1265 2385 pontem,
1294 2298 1356 2362 ubi

254 2383 344 2447 ravia
373 2382 514 2469 dampna
540 2406 599 2468 per
626 2382 818 2464 balistarios
841 2405 977 2469 quorum
999 2385 1127 2468 copiam
1156 2384 1353 2464 continebat,

230 2403 415 2532 {amoenis
436 2467 550 2532 intulit.
594 2467 648 2531 Ex
670 2468 804 2532 adverso
826 2466 1046 2530 machinarum
1061 2467 1146 2532 ictus
1161 2469 1352 2551 inportunos

230 2551 387 2633 sustinuit,
409 2573 484 2615 curn
507 2573 623 2650 magno
645 2563 753 2617 tamen
774 2550 893 2615 honore
910 2552 1157 2632 christianitatis,
1181 2550 1257 2615 licet
1275 2553 1352 2636 igne

231 2633 336 2698 Greco
359 2646 506 2721 correpta
527 2635 647 2715 fuisset,
670 2633 764 2719 plena
786 2635 909 2719 sagittis
924 2637 1010 2703 intus
1033 2645 1065 2699 01
1085 2635 1172 2716 foris,
1188 2634 1229 2698 ad
1244 2634 1353 2699 locum

230 2739 335 2799 suum,
358 2717 453 2781 salvis
477 2719 625 2782 omnibus
648 2722 705 2804 qui
726 2719 813 2782 11100
850 2731 1061 2817 ugnaverunt,
1077 2721 1223 2805 exceptis
1238 2720 1351 2804 paucis

229 2803 365 2864 mortuis
389 2811 420 2866 et
441 2803 603 2884 sauciatis,
625 2824 690 2866 non
712 2804 780 2867 sine
802 2743 1011 2868 admiratione
1026 2804 1198 2868 multorum
1216 2804 1352 2868 reducta

230 2884 362 2970 quievit.
403 2885 613 2950 Postmodum
636 2886 883 2971 considerantes,
906 2888 992 2973 quod
1012 2889 1108 2952 turris
1122 2887 1274 2952 fortitudo
1288 2910 1350 2952 nec

229 2967 387 3032 machinis
408 2991 468 3033 nec
489 2971 637 3056 petrariis
658 2993 718 3035 nec
740 2970 1351 3060 1101110110(10000011011101110101110

231 3052 482 3118 circumfluentis
509 3053 758 3138 profunditatem
783 3077 843 3121 nec
873 3056 957 3120 fame
995 3065 1127 3142 propter
1152 3056 1350 3120 vicinitatem

229 3158 289 3200 nec
317 3137 527 3203 suffossione⁰
548 3148 679 3225 propter
701 3141 807 3224 operis
840 3140 1081 3226 spissitudinem
1103 3151 1134 3205 et
1166 3141 1349 3224 angustiam

229 3218 332 3286 insule
355 3221 395 3286 de
423 3221 509 3286 facili
536 3235 645 3307 posset
672 3225 755 3309 capi,
777 3225 849 3288 Deo
877 3224 971 3287 nobis
998 3224 1245 3306 demonstrante,
1267 3222 1350 3288 duos

229 3326 391 3390 coggones
422 3308 574 3393 conpingi
603 3307 737 3371 fecimus
766 3319 798 3372 et
823 3309 923 3371 instar
949 3309 1045 3372 castri
1069 3308 1234 3373 fortissimi
1261 3329 1350 3372 corn-

229 3390 356 3473 muniri,
368 3389 640 3456 Theutonicorum
656 3400 687 3456 et
701 3392 873 3455 Frisonum
887 3392 921 3456 iu
935 3390 996 3456 hac
1011 3415 1046 3457 re
1061 3391 1192 3456 consilio
1207 3393 1350 3456 maxime

192 3485 196 3498 ·
230 3475 281 3537 usi
309 3484 341 3538 01
369 3474 500 3540 auxilio.
555 3476 594 3539 In
622 3477 804 3540 summitate
834 3485 970 3561 quatuor
1000 3476 1157 3541 malorum
1183 3473 1346 3541 castellum

228 3559 389 3623 ereximus
417 3558 535 3624 tabulis
564 3560 598 3622 in
634 3559 793 3645 quadrum
821 3581 881 3624 con
906 3570 1023 3642 actum,
1058 3583 1154 3646 opere
1181 3558 1347 3625 reticulato

228 3652 424 3724 contextum,
448 3653 559 3707 contra
579 3643 743 3708 machinas
759 3644 852 3708 coriis
868 3583 1041 3710 obductum
1049 3668 1062 3728 3-
1081 3655 1193 3709 contra
1206 3645 1346 3708 furorem

226 3725 237 3788 i
286 3726 311 3790 ‘s
334 3727 447 3792 subtus
470 3726 556 3791 scala
578 3749 734 3827 suspensa
762 3727 823 3791 11111
844 3728 934 3793 fortis
956 3738 988 3793 01
1007 3727 1073 3792 1010
1100 3739 1188 3794 101110
1210 3727 1347 3812 longitu-

248 3810 320 3891 inis,
342 3821 378 3875 ut
398 3810 529 3896 triginta
550 3811 665 3876 cubitis
688 3832 817 3898 proram
832 3812 1013 3878 excederet.
1048 3813 1204 3900 Adeoque
1218 3813 1346 3876 firmum

228 3904 260 3958 et
281 3903 538 3959 consummatum
562 3917 642 3981 opus
663 3897 820 3994 apparuit,
850 3907 887 3961 ut
913 3897 954 3962 ad
982 3898 1178 3983 peticionem
1204 3906 1344 3962 nostram

226 3978 388 4076 principes
411 3980 571 4044 exercitus
592 3990 739 4044 nunctros
762 4001 835 4044 suos
858 3981 1033 4066 dirigerent
1053 3981 1095 4046 ad
1117 3979 1291 4047 videndum
1312 3989 1344 4044 01

225 4060 446 4148 mdicandum,
474 4074 581 4127 utrum
609 4062 731 4150 aliquid
758 4065 848 4151 operi
876 4065 1010 4148 deesset,
1048 4064 1135 4153 quod
1166 4063 1346 4150 sumptibus

224 4223 249 4278 a)
266 4226 367 4276 reliqum
382 4237 399 4266 c.
458 4225 483 4278 b)
500 4237 541 4267 ore
556 4237 612 4268 corr.
629 4227 688 4268 hora
701 4239 720 4270 c.
781 4226 803 4281 c)
819 4228 945 4271 suffoslcnc
961 4240 978 4270 c.
