3126 4976
351 394 538 447 OHRONIOA
556 395 669 446 Rnala
690 394 932 480 communale
952 396 984 448 A.
1006 396 1085 448 1174.
1199 396 1251 448 125

528 566 692 621 Batanaia
712 567 737 622 I.
759 577 787 620 et
805 568 853 621 ΙΙ.

129 651 270 720 celebrat
278 663 301 736 ⁰,
323 653 357 718 in
397 653 494 718 ascha
508 675 586 719 vero
601 652 797 740 Aquisgrani
813 655 935 718 curiam
952 653 1109 720 celebrem
1124 654 1252 740 habuit3
1263 679 1329 723 narr.
1347 681 1382 722 m.

130 737 249 803 deinde
265 739 356 802 venit
368 676 622 822 lioviomagum‚
645 746 678 802 et
697 761 757 837 per
781 738 906 825 aliquot
920 739 988 804 dies
1010 738 1078 804 ibih
1100 749 1252 824 moratus,

129 821 370 908 expeditionem
399 831 473 886 ante
502 823 667 888 biennium
694 823 848 887 mdictam
877 832 1009 888 cunctos
1036 824 1143 890 iurare
1167 825 1252 897 fecit.

127 908 341 975 Pentecosten
351 928 427 972 vero
446 905 533 991 apud
548 917 687 972 castrum
711 907 797 992 quod
820 904 1000 972 Ohocme⁰·¹
1040 907 1156 974 dicitur
1177 911 1252 998 egit.
1263 942 1316 987 mr,
1329 943 1363 986 n.

130 990 228 1056 Circa
249 990 364 1055 festum
386 991 591 1055 sanctorumd
615 991 717 1055 Primi
746 999 778 1055 et
797 989 954 1055 Feliciani
975 993 1022 1056 cis
1043 991 1085 1056 Al
1110 1015 1144 1058 es
1165 993 1254 1079 apud
1263 1020 1316 1062 a...
1333 1021 1356 1061 a.

129 1073 376 1159 Wivelinburg²
399 1073 593 1174 colloquium
615 1074 736 1156 habuit,
759 1075 816 1138 ubi
837 1015 1254 1163 legati⁶Transalpinorum

128 1159 313 1306 principum
342 1181 416 1223 eum
445 1158 601 1241 adierunt,
637 1161 860 1245 promittentes
892 1161 1082 1246 obsequium
1115 1171 1147 1226 et
1180 1183 1253 1226 con·-

153 1252 263 1307 uctum
285 1251 373 1306 trans
395 1241 505 1328 Alpes.
534 1244 612 1308 Post
622 1243 720 1307 haeef
732 1243 766 1307 in
787 1244 954 1320 nativibte
976 1247 1080 1309 sancti
1100 1245 1315 1313 Iohannisaa.
1332 1272 1368 1314 m.

131 1326 321 1426 [baptistess]
335 1327 546 1412 Ratisponam
561 1328 659 1408 venit,
675 1327 731 1392 ubi
752 1329 862 1390 nuncii
883 1329 969 1412 regis
983 1326 1162 1393 Grecorum
1177 1352 1252 1394 eum

130 1419 247 1476 iterum
269 1410 417 1474 adierunt
436 1432 495 1496 pro
519 1411 741 1476 coniunctione
763 1410 847 1475 filiae
870 1413 938 1476 eius
956 1411 1023 1476 filio
1038 1414 1083 1475 im
1108 1417 1251 1482 cratoris.

215 1495 265 1558 Im
290 1504 395 1559 erator
416 1494 538 1579 legatos
558 1497 644 1580 regis
656 1492 845 1559 Babiloniae
867 1503 941 1559 cuni
956 1435 1206 1582 magnobonore
1221 1506 1254 1562 et

131 1578 240 1642 multis
263 1517 355 1643 donis
376 1579 517 1644 remittit.

54 1740 57 1744 Ι
215 1661 293 1748 Ipso
329 1684 412 1727 anno
447 1662 663 1728 Ludewicush
698 1685 758 1728 rex
794 1663 949 1729 Franciae
985 1672 1018 1727 et
1048 1663 1131 1730 fflius
1167 1664 1253 1749 regis

130 1743 289 1830 Angliae³
318 1755 349 1810 et
376 1768 483 1812 comes
510 1746 715 1812 Flandrensis
737 1747 927 1811 Heinricum
949 1749 1121 1812 senioremi
1143 1770 1253 1832 regem

129 1829 269 1917 Angliae
289 1828 373 1895 b'ello
389 1832 558 1929 petierunt.
589 1830 646 1896 Set
658 1853 717 1895 rex
731 1830 911 1978 Angllorum
925 1832 1029 1917 primo
1045 1833 1254 1917 penitentiam

131 1937 230 2000 agens
246 1915 286 1979 de
302 1917 461 1979 occis1one
474 1915 612 1978 martiris
627 1915 792 1979 sancfikT
817 1936 918 1996 omae,
933 1915 1101 1980 victoriam
1116 1917 1253 2002 adeptus

131 2008 190 2082 est,
233 1998 356 2063 lurimis
378 1998 419 2062 de
440 1998 595 2063 Flandria
616 1999 718 2084 captis
739 1997 804 2064 vel¹
826 1997 974 2083 fugatis4.

211 2022 335 2147 lotum
356 2083 515 2148 aestivum
537 2093 665 2168 tempus
687 2083 721 2146 in
741 2081 868 2166 pluvias
884 2082 1046 2168 hyemales
1062 2105 1252 2150 conversum

131 2175 189 2248 est,
216 2167 302 2232 unde
328 2177 452 2250 segetes
474 2179 505 2233 et
526 2169 638 2231 vineae
661 2177 735 2231 sunt
756 2174 935 2250 corruptae.
1020 2168 1147 2233 Eodem
1168 2188 1253 2230 anno

131 2249 219 2335 apud
234 2251 457 2314 Anturnacum
469 2251 601 2337 quidam
619 2250 775 2315 fodientes
791 2272 909 2335 corpus
923 2249 1141 2316 Valentiniani
1152 2263 1173 2294 ¹²¹
1195 2251 1254 2314 im-

132 2335 288 2420 peratoris
311 2335 510 2418 invenerunt,
532 2336 616 2399 sicut
637 2335 670 2398 in
692 2334 963 2421 superscriptione
979 2334 1103 2400 denarii
1119 2336 1175 2422 qui
1190 2356 1254 2398 una

132 2439 241 2484 secum
271 2441 306 2483 re
330 2429 416 2484 ertus
448 2429 497 2484 est
528 2418 749 2484 continebatur
761 2430 783 2481 ⁵.
827 2417 880 2484 Ad
912 2429 1009 2505 caput
1035 2441 1162 2506 quoque
1185 2421 1254 2483 eius

133 2523 261 2584 corona,
284 2441 328 2566 ad
337 2502 436 2588 pedes
448 2525 524 2568 vero
539 2526 629 2585 urna,
661 2503 704 2566 ad
718 2502 800 2567 latus
813 2512 921 2567 autem
932 2515 947 2544 ¹¹
962 2502 1089 2588 gladius
1105 2503 1254 2589 rubigine

131 2608 275 2672 peresus,
297 2607 432 2650 aureum
453 2587 574 2653 habens
605 2584 755 2672 capulum
784 2596 816 2650 et
836 2585 975 2686 lapidem
998 2589 1183 2670 victoriaess,
1205 2596 1255 2652 est

131 2673 291 2737 inventus.
334 2671 399 2751 Qui
405 2669 531 2756 gladius
543 2672 729 2756 imperatori
739 2670 781 2735 ad
792 2670 1028 2756 insp1ciendnm
1040 2671 1182 2736 delatus⁰
1195 2680 1252 2736 est.

218 2755 322 2840 Igitur
341 2755 526 2839 imperator,
557 2754 753 2819 validissimo
776 2755 916 2820 adunato
939 2757 1092 2839 exercitu,
1127 2754 1321 2828 ltaliamapt.

132 2838 249 2902 iterum
261 2839 448 2924 ingreditur.
472 2838 555 2904 Cum
580 2861 619 2902 ue
634 2839 674 2901 ad
684 2837 814 2922 Alpium
827 2839 1117 2938 Appenninaruml’
1132 2840 1255 2904 aditum

132 2923 284 3006 venisset,
320 2921 416 3009 legati
437 2926 523 3008 regis
544 2861 843 2986 Iberosolimorum⁷
866 2946 895 2986 e1
917 2933 1134 3005 occurrerunt,
1171 2924 1257 2988 dona

133 3004 274 3092 plurima
295 3015 327 3070 et
347 3028 445 3092 poma
466 3029 564 3071 aurea
585 3028 697 3070 musco
719 3005 850 3091 impleta
876 3007 1044 3073 afferentes
1077 3018 1108 3072 et
1134 3007 1255 3073 litteras

134 3089 279 3155 eiusdem
306 3091 402 3174 regis,
434 3091 468 3153 in
496 3089 612 3176 quibus
640 3091 759 3174 gratias
787 3091 974 3174 imperatori
994 3091 1112 3172 retulit,
1145 3091 1255 3156 dicens

135 3196 170 3238 se
191 3177 257 3239 iam
279 3174 401 3239 dudum
423 3175 462 3238 de
477 3196 576 3258 regno
592 3173 774 3260 expulsum,
796 3175 823 3236 si
837 3195 902 3237 non
917 3186 1036 3239 terrore
1053 3176 1256 3259 imperatoris

158 3271 456 3343 aganorumtreges
467 3259 760 3342 restringerentur&
778 3257 987 3321 Transcensis
1002 3257 1151 3344 Alpibus,
1163 3281 1256 3344 quas-

134 3280 212 3406 dam
239 3343 384 3407 civitates
411 3343 444 3405 in
473 3341 666 3406 deditionem
696 3341 829 3427 accepit,
866 3340 1098 3406 Alexandriam
1126 3364 1256 3424 novam,

136 3448 220 3524 quae
249 3448 290 3490 ex
318 3426 447 3491 nomine
473 3425 649 3490 Alexandri
675 3446 780 3511 papae
802 3423 996 3490 vocabulum
1018 3427 1165 3511 sumpsit,
1202 3425 1257 3490 ob·
1323 3481 1327 3490 .

134 3509 261 3574 s1dione
284 3509 394 3579 cinxit.

136 3672 160 3723 a)
178 3672 304 3712 celebravit
320 3675 340 3712 l.
401 3671 426 3724 b)
442 3674 563 3713 dentata.
625 3671 646 3722 c)
663 3671 831 3721 OochmeA15
857 3672 957 3713 Ohecme
974 3673 1019 3713 02.
1080 3671 1174 3719 (Μαι
1190 3673 1217 3712 Β.
1235 3673 1257 3713 0.

136 3731 160 3782 e)
184 3732 275 3780 legatus
298 3732 347 3772 A1.
407 3731 425 3782 f)
450 3734 494 3773 noe
517 3733 543 3771 a.
560 3733 580 3772 a.
643 3729 736 3782 naar
758 3731 786 3774 A.
846 3729 870 3782 n)
893 3722 951 3772 nte.
977 3732 1020 3773 ar.
1081 3730 1101 3782 r)
1122 3743 1140 3774 r.
1165 3743 1183 3772 s.
1207 3731 1258 3772 Ar.

136 3789 162 3842 k)
190 3791 247 3829 deest
270 3789 321 3830 Al.
346 3791 394 3840 023
419 3802 449 3832 m.
474 3791 516 3832 Th.
541 3792 645 3841 episcopi
669 3791 712 3830 02.
790 3787 808 3840 1)
834 3794 857 3832 et
881 3791 924 3830 02.
999 3789 1033 3840 m)
1056 3791 1191 3832 Valentlani
1214 3792 1258 3843 01,

136 3849 421 3890 eornvaleminianiar.
453 3849 608 3900 n)veroA1.
639 3847 662 3900 o)
674 3859 695 3890 e.
712 3849 735 3891 d.
750 3850 779 3889 B.
796 3849 817 3889 0.
861 3849 987 3904 p)Apenn.
1005 3850 1056 3890 Al.
1096 3848 1119 3901 q)
1130 3851 1217 3900 r.p.B.
1235 3851 1257 3892 0.

137 3906 158 3960 r)
176 3911 259 3949 constr.
276 3907 323 3951 Al.

140 4039 168 4104 1)
189 4037 295 4091 Caedem
327 4041 365 4090 ad
391 4040 536 4092 Mo'seiiana
640 4039 669 4102 2)
689 4039 731 4091 De
759 4040 893 4103 Acantion,
923 4040 1064 4092 &amanis
1090 4040 1258 4109 Wqfflicbarp,

138 4113 308 4178 oopitanduna
327 4130 381 4165 esse
394 4113 507 4166 videtur.
545 4112 647 4165 Laearn
670 4113 700 4166 in
720 4111 842 4163 Saurania
860 4114 979 4179 positum
1002 4123 1069 4168 certe
1097 4132 1151 4166 non
1173 4115 1259 4166 verbis

139 4184 186 4236 ‘cis
205 4183 293 4252 Alpes’
313 4186 463 4238 indicasset.
540 4184 570 4252 3)
589 4187 734 4238 Heinricaa
752 4184 851 4238 iunior.
918 4186 948 4253 4)
967 4187 1009 4239 De
1023 4204 1120 4254 papna
1139 4206 1166 4239 a.
1179 4188 1259 4238 1173.

139 4258 184 4325 api
202 4259 316 4311 videtur.
407 4259 436 4326 a)
462 4258 645 4312 Valentiniani
670 4259 798 4312 denarius
814 4261 911 4324 procul
928 4259 1009 4312 dubio
1028 4260 1090 4311 buia
1108 4259 1261 4312 narrationi

140 4346 235 4382 ansam
260 4333 341 4384 dedit.
437 4334 466 4398 6)
485 4332 527 4384 De
546 4351 597 4399 qao
617 4335 651 4399 cf.
668 4334 693 4384 J.
715 4331 825 4396 Grimen,
845 4333 889 4383 ⁴1).
902 4331 1004 4398 Mystes,
1024 4333 1086 4386 edit.
1111 4337 1134 4398 1,
1149 4351 1180 4399 p.
1196 4334 1259 4384 631.

139 4403 276 4456 PLATN.
303 4405 379 4469 (edit.
408 4407 432 4470 2,
459 4424 489 4472 p.
519 4408 611 4474 1170).
688 4408 714 4472 7)
734 4404 866 4457 Babdaini
889 4406 943 4458 IV.
