3102 4978
253 385 269 434 6
361 382 365 390 ’
517 378 705 432 CHRONICA
723 377 838 430 RECIA
859 377 1110 429 COLONIENSIS.

326 560 360 611 A.
375 558 401 611 d.
415 559 435 608 i.
449 556 512 618 281,
533 554 567 605 ab
579 553 612 605 U.
630 569 652 607 c.
668 552 749 604 1032.
767 552 878 602 Tacitus
898 578 931 586 -
952 578 988 587 -
1008 551 1139 616 sanguine
1158 551 1262 604 interiit
1281 553 1374 605 effuso.

254 633 355 685 11711111.

327 706 361 757 A.
381 705 408 756 d.
427 705 445 756 i.
465 701 528 764 282,
547 701 581 751 U.
603 715 627 752 c.
650 699 729 752 1033.
750 699 907 748 Ρ11111111-
929 724 961 733 -
982 697 1095 748 habetur
1114 713 1131 748 a
1149 699 1249 750 multis.
1286 699 1350 750 ibid.

328 780 362 831 A.
383 776 407 828 d.
427 778 447 828 i.
467 774 529 837 238,
549 775 582 824 U.
604 789 628 823 c.
650 774 729 824 1039.
751 771 835 822 Carus
850 770 976 821 Narbone
1000 797 1028 806 —-
1052 797 1085 808 -—
1107 773 1191 822 occisi
1210 777 1278 824 suut.
1311 771 1376 824 ibid.

328 852 362 903 A.
381 851 408 901 d.
427 851 446 901 i.
466 849 528 910 290,
555 847 588 897 ab
608 847 641 899 U.
667 861 730 898 vero
751 862 774 895 c.
796 844 876 895 1041.
902 843 1089 895 Diocletianus
1116 871 1151 882 —·
1176 871 1210 881 —
1237 851 1315 897 natus
1342 845 1375 896 de

256 925 409 989 Dalmatia3
432 920 499 974 ibid.

329 998 398 1050 adeo
417 1003 447 1047 ut
466 1011 483 1045 a
501 995 637 1060 plerisque
659 1018 691 1028 -
711 1019 748 1029 -
767 991 894 1057 Dyoclea.
933 989 1023 1042 Laod.

329 1072 383 1122 Hic
395 1069 532 1121 Aurelium
547 1067 739 1117 Maximianum
756 1091 790 1102 -
810 1091 846 1101 -
867 1062 1045 1126 Constantini,
1062 1063 1168 1115 Helene
1187 1065 1245 1116 filii.
1276 1063 1376 1116 Esset.

329 1145 451 1195 Privatus
470 1143 561 1207 itaque
580 1143 608 1190 in
626 1138 693 1188 villa
705 1165 741 1176 ·-
757 1167 788 1174 -
805 1139 874 1189 inter
894 1137 970 1188 divos
989 1143 1080 1188 tamen
1099 1138 1249 1189 referretur.
1286 1136 1376 1188 Laod.

330 1219 420 1268 Primo
434 1231 503 1266 anno
513 1213 687 1279 Dyocletiani
696 1212 826 1276 Bagaude
839 1237 869 1248 ··
884 1237 917 1246 -·
930 1210 1101 1275 decessitque
1111 1213 1138 1262 4.
1148 1211 1214 1262 Idus
1224 1213 1291 1263 Dec.
1310 1209 1376 1261 ibid.

330 1291 364 1342 A.
379 1289 404 1340 d.
419 1291 436 1342 i.
451 1289 512 1348 310,
530 1287 564 1336 ab
577 1287 611 1338 U.
628 1301 650 1334 c.
667 1285 746 1335 1061.
768 1300 827 1335 cunr
840 1283 1035 1349 Dyocletiauus
1056 1311 1090 1320 -
1112 1311 1142 1322 -
1165 1285 1336 1336 Constantius
1351 1291 1378 1335 et

258 1364 381 1416 Galerius
392 1362 499 1427 augusti
509 1361 593 1412 creati
606 1363 677 1421 sunt,
691 1359 845 1423 divisusque
856 1385 890 1394 -
903 1385 936 1394 -
948 1350 1024 1408 dedit
1033 1374 1104 1408 anno
1113 1360 1186 1409 vitae
1197 1375 1244 1410 sue
1255 1359 1298 1410 60.
1312 1357 1376 1409 ibid.

331 1437 364 1488 A.
385 1435 410 1486 d.
429 1438 447 1486 i.
465 1435 528 1496 311,
547 1434 581 1483 U.
602 1449 626 1482 c.
643 1431 722 1481 1062.
744 1432 932 1482 Constantinus
952 1447 984 1480 ex
1004 1432 1152 1483 obscuriori
1170 1434 1329 1498 patrimonio
1342 1459 1377 1470 ·-

259 1538 293 1547 -
315 1509 473 1560 christianas
492 1507 559 1557 fecit
577 1505 704 1556 basilicas
723 1505 829 1555 multas.
867 1503 968 1555 Esset.
1101 1549 1104 1554 .

258 1584 506 1636 Testamentum
535 1578 621 1644 quod
641 1579 766 1629 statuit
786 1577 1039 1630 Constantinus
1064 1581 1249 1645 imperator
1269 1579 1376 1631 Silve-

504 1659 577 1705 stro
597 1667 683 1718 pape
703 1656 736 1702 11
755 1653 1024 1704 successoribus
1045 1655 1130 1704 eius.

332 1731 373 1779 Ex
391 1731 552 1780 testamento
573 1726 709 1776 constituti
727 1727 810 1776 nostri
831 1724 1002 1776 concedimus
1022 1732 1099 1777 sanct
1099 1728 1121 1778 is
1142 1726 1270 1794 apostolis
1292 1752 1322 1762 -
1343 1754 1376 1764 -

258 1810 380 1855 terrenus
399 1801 456 1852 illic
475 1800 575 1864 habeat
594 1803 763 1885 potestatem.
803 1797 844 1864 ΟΥ.
863 1797 907 1849 Pr
927 1797 1026 1851 Isidos

332 1876 418 1941 Igitur
438 1875 627 1925 Constantinus
646 1873 780 1939 propriam
802 1871 896 1923 volens
916 1899 950 1908 —
972 1875 1112 1941 -patria
1138 1873 1378 1940 conquassantibus

258 1949 430 2000 simulachra.
468 1946 559 1997 Laod.

332 2021 462 2072 Eiusdem
481 2021 608 2087 principis
627 2025 747 2086 tempore
766 2020 859 2070 Arrius
881 2047 909 2056 -
933 2047 968 2056 -
987 2019 1019 2070 A.
1039 2021 1074 2072 D.
1095 2021 1158 2070 329.
1179 2021 1250 2070 Crux
1268 2021 1378 2070 Domini

259 2096 293 2146 ab
312 2095 419 2146 Helena
438 2096 581 2145 invenitur.
618 2092 719 2143 Elelech.

149 2173 249 2220 111111.
332 2168 364 2218 Α.
391 2169 426 2218 D.
453 2163 515 2218 330.
553 2168 640 2216 Beata
662 2167 770 2220 Helena
797 2182 895 2232 papam
924 2165 1082 2216 silvestrum
1114 2167 1190 2228 adiit,
1220 2171 1323 2231 petens,
1349 2171 1380 2216 ut

259 2241 402 2292 lhaverice
423 2241 527 2292 civitati
545 2241 701 2290 misereatur
721 2246 747 2290 et
767 2241 823 2289 eius
842 2238 1008 2290 infidelitatis
1027 2240 1152 2290 tenebras
1169 2239 1259 2305 aliquo
1272 2239 1378 2304 ydoneo

259 2314 427 2380 predicatore
441 2314 576 2375 illustrare
592 2313 753 2377 dignaretur.
785 2313 864 2361 Nam
884 2313 994 2377 primo
1013 2328 1074 2377 per
1088 2312 1195 2362 beatum
1208 2313 1379 2374 Eucharium,

258 2387 395 2438 Valerium
416 2393 443 2438 et
461 2387 612 2438 Maternum
632 2385 670 2435 ad
690 2385 795 2435 fidem
816 2385 976 2436 conversi
995 2384 1149 2448 fuerant3
1168 2384 1217 2436 sed
1236 2391 1377 2451 postmor-

259 2465 313 2511 tem
332 2461 439 2511 illorum
458 2465 532 2511 recte
551 2459 616 2510 fidei
642 2461 774 2509 tramitem
802 2457 977 2520 dimittentes,
1003 2458 1038 2507 ad
1064 2459 1204 2523 pristinum
1228 2459 1379 2524 paganismi

259 2533 386 2584 vomitum
412 2551 445 2583 ex
471 2549 569 2599 magna
592 2539 668 2599 parta
694 2531 838 2583 redierunt.
878 2532 992 2583 Sanctus
1017 2536 1106 2582 autern
1130 2531 1267 2595 silvester,
1292 2533 1380 2597 inqui-

259 2601 357 2658 sitione
377 2608 478 2670 habita,
497 2607 614 2658 omnium
633 2605 753 2656 fidelium
774 2604 886 2656 consilio
910 2610 1034 2655 sanctum
1053 2605 1192 2670 Agricium
1210 2605 1380 2656 Anthiocene

261 2681 378 2731 civitatis
392 2680 525 2747 presulem
540 2680 664 2749 evocavit
683 2685 710 2730 et
729 2678 769 2728 ad
788 2679 1005 2743 peticionem
1025 2680 1143 2744 regine
1155 2679 1279 2730 Treveris
1299 2677 1381 2728 desti·

259 2755 344 2803 navit.
384 2753 434 2804 Cui
455 2755 534 2805 etiam
555 2755 634 2803 beata
647 2752 754 2802 Helena
772 2752 986 2816 preciosissimas
1005 2752 1141 2818 reliquias,
1161 2768 1227 2818 quas
1247 2753 1281 2802 de
1295 2751 1381 2802 Iudea

259 2825 367 2886 11111111,
393 2825 499 2876 11111111
526 2839 621 2891 corpus
640 2825 751 2889 Mathye
776 2824 890 2890 apostoli
919 2841 977 2876 cum
1004 2827 1096 2877 tunica
1123 2831 1149 2876 et
1175 2825 1252 2876 clavo
1271 2826 1382 2876 Domini

261 2904 288 2949 et
314 2892 393 2949 dente
420 2901 506 2950 sancti
525 2900 598 2948 Petri
623 2897 738 2965 apostoli
758 2902 784 2947 et
805 2898 892 2963 capite
913 2897 1032 2949 Cornelii
1050 2915 1120 2965 pape
1144 2899 1295 2965 ceterisque
1319 2897 1380 2949 reli-

261 2973 331 3037 quiis
350 2971 408 3022 illie
428 2971 635 3023 deferendas
654 2969 816 3020 tradidit.

334 3045 499 3110 Hucusque
519 3045 651 3110 hystorias
670 3044 764 3095 scribit
779 3043 921 3095 Eusebius
953 3046 1058 3096 Exhinc
1072 3045 1248 3097 Iheronimus.
1280 3043 1382 3096 Esset.

336 3119 368 3169 A.
388 3118 423 3169 D.
444 3119 506 3167 331.
534 3116 702 3183 Anthyochie
722 3115 859 3167 ordinatur
877 3117 974 3170 Vitalis
993 3145 1029 3154 -
1049 3145 1083 3156 -
1103 3134 1213 3168 numero
1235 3119 1277 3169 11.
1315 3115 1381 3168 ibid.

150 3194 250 3236 orreo
335 3188 789 3255 11113111111111111111
815 3191 952 3242 Treverim
978 3193 1157 3252 remanant
1182 3191 1250 3242 alter
1275 3191 1381 3242 Eucha-

262 3266 317 3316 rius
336 3264 463 3330 populum
483 3264 516 3313 ab
536 3264 645 3328 antiquo
666 3279 754 3314 errore
772 3263 905 3328 ydolatrie
925 3265 1023 3331 eripuit
1048 3270 1075 3315 et
1100 3264 1207 3315 domum
1227 3264 1382 3315 beatissime

262 3336 395 3388 Helene'
388 3353 416 3386 m
434 3337 533 3388 honore
553 3336 640 3387 sancti
658 3337 732 3388 Petri
752 3336 889 3388 dedicavit
915 3343 941 3388 et
967 3342 1048 3403 caput
1072 3337 1188 3388 ecclesie
1211 3338 1382 3389 Treverensis

261 3415 292 3461 ut
311 3415 383 3463 esset
400 3411 524 3462 instituit.

335 3482 369 3533 A.
384 3484 418 3533 D.
433 3484 495 3533 333.
516 3483 650 3532 Iuvencus
663 3483 802 3546 presbyter
818 3509 849 3518 -
866 3509 898 3518 -
914 3482 1126 3547 Nychomediam
1140 3483 1256 3534 moritur.
1283 3482 1383 3535 natea

337 3558 370 3606 A.
385 3555 412 3608 d.
425 3557 444 3605 i.
459 3555 521 3618 341,
541 3555 574 3606 U.
589 3561 678 3606 autem
693 3571 718 3605 c.
734 3554 814 3604 1092.
835 3554 1055 3608 Constantius-
1071 3557 1225 3622 -imperii
1244 3555 1289 3608 23.
1317 3555 1383 3607 ibid.

149 3629 177 3671 0·
190 3628 253 3670 Troo.
338 3629 452 3679 Sanctus
472 3629 606 3693 Agricius,
626 3627 796 3693 pontificatus
816 3629 856 3678 sui
877 3628 965 3679 officio
986 3629 1101 3696 expleto,
1125 3630 1251 3694 migravit
1274 3629 1309 3678 ad
1327 3630 1384 3680 Do-

263 3702 376 3764 minum3
397 3703 441 3752 cui
459 3703 590 3752 successit
602 3706 710 3752 sanctus
723 3701 891 3763 Maximinus,
912 3701 1059 3768 discipulus
1073 3704 1165 3768 ipsius,
1186 3703 1232 3768 qui
1245 3703 1383 3756 Eufraten
1445 3731 1449 3735 ·

201 3771 203 3777 ’
263 3772 463 3826 Coloniensium
482 3774 630 3824 hereticum
650 3773 774 3839 deposuit
793 3780 820 3824 et
839 3774 995 3826 Severinum
1015 3777 1043 3825 in
1062 3775 1122 3827 loco
1143 3777 1199 3826 eius
1218 3777 1384 3842 subrogavit,

261 3846 438 3898 Athanasium
457 3846 667 3897 Alexandrinum
689 3847 844 3913 episcopum
863 3850 1076 3913 persecutionem
1093 3849 1250 3900 Constancii
1268 3850 1383 3916 impera·

261 3920 326 3972 toris
344 3920 493 3985 fugientem
513 3919 660 3971 honorifice
679 3922 799 3986 suscepit
818 3926 845 3970 et
863 3922 1019 3988 intrepidus.
1057 3923 1125 3973 Nam
1144 3927 1225 3974 antea
1243 3927 1300 3974 toto
1319 3923 1384 3973 orbe

262 3992 390 4058 profugus
403 3993 567 4058 vagabatur,
587 4009 638 4044 nec
656 3991 727 4044 ullus
740 3994 775 4044 ad
788 3993 926 4045 latendum
946 3996 972 4046 ei
985 4001 1124 4062 supererat
1141 3994 1227 4048 locus.
1264 3996 1383 4058 Tribuni,

261 4067 399 4134 prepositi,
426 4067 537 4118 comites
565 4067 751 4132 exercitusque
776 4066 811 4120 ad
836 4068 1053 4134 investigandum
1073 4085 1134 4120 eurn
1154 4068 1251 4120 edictis
1269 4071 1384 4134 impera-

259 4139 358 4190 toriisa
373 4141 447 4204 moti,
466 4141 529 4191 totis
543 4141 620 4206 regni
632 4141 733 4192 viribus
748 4146 978 4205 concertaverunt,
991 4143 1015 4194 si
1028 4143 1088 4208 quis
1101 4143 1191 4194 vivum
1203 4144 1327 4206 maxime,
1343 4141 1385 4192 sin
1436 4153 1439 4159 ·

261 4211 357 4275 minus,
372 4217 445 4264 certe
456 4214 544 4280 capud
556 4213 722 4266 detulissent.
740 4215 921 4266 Veruntamen
931 4216 1056 4267 Treberis
1067 4216 1082 4265 6
1097 4217 1173 4267 annis
1186 4214 1265 4266 latuit
1277 4217 1305 4265 in
1318 4231 1384 4281 qua-

258 4377 506 4429 a)iisccorr.Br.
598 4413 601 4420 .
