3122 4978
317 442 374 492 228
400 443 588 496 cnaonlcn
602 442 714 494 uncle
729 439 981 493 commanem.
1003 438 1106 491 CONT.
1117 439 1172 490 111.
1191 439 1224 489 Α.
1237 435 1316 488 1208.
1329 435 1410 487 1209.

719 614 887 668 Receasio
908 614 932 666 Ι.
951 620 981 667 et
999 613 1041 666 ΙΙ.

319 717 429 762 coram
451 699 606 765 Heinrico
627 699 770 786 palatino
793 700 910 784 comite
931 699 1030 781 Reni,
1059 699 1156 764 fratre
1178 699 1263 779 eius,
1291 706 1323 762 et
1353 697 1442 782 prin-

318 782 448 868 cipibus
470 786 526 870 qui
546 795 711 871 presentes
733 785 867 850 aderant
888 785 951 869 ipsi
972 784 1177 868 assignavit¹.

404 867 480 953 Ipso
503 870 600 933 etiarn
621 890 705 934 anno
729 867 862 934 audiens
890 889 977 954 papa
1005 890 1065 955 per
1090 877 1190 932 totam
1213 865 1440 931 Provenuamr

319 948 473 1036 plurimas
495 954 640 1018 civitates
663 976 736 1018 cum
759 952 934 1018 baronibus
958 961 990 1017 et
1010 951 1174 1016 nobilibus
1189 963 1292 1017 terrae
1308 961 1340 1016 et
1355 949 1440 1014 clero

317 1055 339 1097 a
353 1034 418 1099 fide
440 1036 597 1102 catholica
618 1039 788 1103 recessisse
804 1047 835 1102 et
855 1039 888 1099 in
903 1035 1040 1102 heresim
1055 1036 1224 1117 decidisse,
1246 1033 1442 1099 cardinalem

319 1119 499 1205 quendam¹
529 1124 634 1186 virum
666 1145 701 1186 sa
726 1124 843 1187 ientem
871 1131 903 1184 et
929 1120 1115 1222 religiosum
1148 1119 1224 1184 illuc
1254 1120 1440 1199 transmisit,

318 1212 355 1267 ut
377 1205 595 1302 predicatione
617 1216 711 1272 etex
734 1206 891 1270 ortatione
914 1226 974 1270 sua
994 1205 1065 1270 illos
1088 1204 1130 1268 ad
1151 1203 1249 1269 fidem
1265 1213 1439 1268 revocaret.

320 1287 385 1368 Qui
408 1312 485 1355 mox
507 1300 543 1355 ut
569 1290 649 1355 fines
671 1290 817 1355 illorum⁰
839 1290 896 1355 atti
921 1291 944 1354 't
975 1300 1008 1355 et
1036 1290 1081 1355 eis
1104 1287 1329 1377 euvangelium
1350 1289 1441 1373 pacis

320 1371 447 1454 obtulit,
479 1374 525 1438 illi
564 1373 709 1440 infelices
749 1385 785 1439 ut
816 1375 946 1460 aspice
982 1374 1167 1439 obturantes
1203 1395 1296 1438 aures
1334 1372 1440 1453 suasl,

320 1456 459 1523 eundem
481 1460 584 1524 virum
615 1470 761 1524 sanctum
789 1479 859 1523 com
885 1458 1115 1524 rehendentes⁰
1144 1456 1316 1523 crudeliter
1344 1458 1441 1520 inter-

320 1552 474 1606 emerunt.
519 1542 619 1607 Cuius
635 1564 751 1629 corpus
766 1566 786 1608 a
800 1481 949 1607 fidelibus
965 1540 1134 1607 collectum
1157 1554 1189 1607 et
1210 1541 1251 1606 ad
1271 1540 1441 1608 cenobium

320 1626 553 1692 monachorum
580 1626 692 1692 Sancti
718 1627 840 1713 Egydii
867 1625 1066 1709 translatum,
1103 1626 1224 1692 ibidem
1251 1627 1292 1691 ab
1322 1625 1440 1691 abbate

321 1717 354 1772 et
384 1710 537 1777 fratribus
569 1711 731 1797 sepultum
769 1722 827 1776 est.
885 1711 951 1777 Sed
984 1720 1145 1776 transacto
1178 1731 1263 1775 anno
1295 1731 1370 1774 cum
1398 1733 1440 1774 ex

320 1794 462 1860 iussione
489 1797 606 1860 summi
636 1795 799 1882 pontificis
830 1794 1034 1881 sepulchrum
1055 1796 1243 1881 aperiretur,
1265 1805 1302 1860 ut
1323 1815 1440 1880 corpus

321 1880 461 1945 martiris
493 1882 527 1944 in
560 1878 730 1946 ecclesiam
764 1879 952 1945 translatum
979 1881 1013 1943 in
1040 1879 1112 1944 loco
1146 1879 1322 1945 decentiori
1348 1881 1440 1944 iuxta

321 1965 467 2029 tumbam
489 1967 591 2030 sancti
613 1965 723 2051 Egidii
752 1973 935 2052 poneretur,
967 1965 1012 2028 ita
1043 1985 1154 2030 recens
1187 1985 1281 2030 carne
1310 1975 1341 2028 et
1370 1986 1441 2028 san-

320 2050 418 2133 guine
440 2051 509 2114 sine
531 2049 639 2148 aliqua
667 2051 871 2136 corruptione
892 2049 1059 2113 inventum
1082 2057 1139 2129 est,
1161 2050 1229 2112 acsi
1252 2047 1366 2113 eodem
1388 2047 1440 2112 die

321 2133 370 2198 ibi
391 2135 533 2218 positum
554 2133 675 2200 fuisset.
719 2134 825 2199 Tanta
846 2134 942 2198 etiam
965 2131 1029 2195 illic
1050 2132 1240 2217 fraglantiaf
1258 2133 1441 2199 suavissimi

324 2217 431 2282 odoris
454 2219 625 2300 emanavit,
657 2220 771 2305 utqui
797 2228 961 2303 presentes
989 2216 1122 2282 aderant
1147 2226 1248 2283 totam
1275 2216 1442 2282 ecclesiam

322 2302 451 2389 plenam
472 2302 667 2369 aromatibus
690 2325 759 2368 esse
781 2311 939 2388 putarent.

408 2385 486 2452 Otto
501 2386 661 2474 palatinus
677 2408 794 2468 comes,
810 2387 994 2450 interlector
1008 2383 1150 2471 Philippi
1165 2387 1259 2471 regis,
1275 2386 1367 2450 iuxta
1378 2385 1444 2450 Da·

321 2471 455 2536 nubium
463 2472 496 2534 in
505 2471 645 2571 quadam
658 2468 975 2536 curtimonachorum
984 2469 1024 2535 de
1032 2469 1159 2534 Evera²
1169 2469 1281 2552 latens,
1291 2471 1444 2536 Heinrico

322 2556 362 2621 de
377 2554 545 2620 Kalinthrn
567 2554 713 2654 proditur
721 2565 745 2635 8,
766 2564 798 2619 et
813 2575 890 2617 mox
903 2575 924 2616 a
938 2552 1094 2618 militibus
1113 2555 1181 2618 eiua
1196 2555 1444 2637 circumventus,

323 2639 492 2704 crudeliter
515 2639 689 2704 occiditur³
713 2649 746 2703 et
765 2648 801 2702 ut
822 2637 930 2703 decuit
956 2637 1056 2784 dipna
1081 2650 1183 2704 morte
1204 2642 1305 2703 vitam
1331 2639 1443 2704 finivit.

209 2756 267 2807 12„
276 2758 313 2798 ῃ,
406 2723 511 2788 Itemh
522 2725 594 2809 ipso
606 2745 689 2787 anno
701 2724 731 2786 3.
740 2721 819 2786 Idus
829 2721 949 2808 Aprilis
960 2722 991 2786 al
1003 2733 1074 2787 atae
1086 2724 1174 2787 sunti
1187 2724 1280 2788 nobis
1291 2722 1444 2809 reliquiae

322 2808 438 2893 capitis
448 2807 534 2872 beati
548 2807 750 2872 Pantaleonis
761 2807 888 2891 patroni
905 2808 1015 2888 nostri,
1031 2829 1112 2892 quae
1127 2829 1187 2892 per
1200 2807 1389 2873 Heinricum
1405 2807 1445 2874 de

322 2891 503 2957 UlmeneM
525 2891 565 2956 de
596 2890 889 2976 Constantinopoli¹
915 2912 986 2955 curn
1010 2889 1080 2955 aliis
1101 2892 1277 2957 innumeris
1299 2890 1443 2977 reliquiis

322 2975 505 3056 translatae,
537 2985 569 3041 et
597 2976 638 3040 ab
670 2997 708 3041 eo
735 2998 795 3062 per
824 2974 978 3040 domnum
1000 2975 1169 3040 Albertum
1198 2975 1378 3042 abbatemm
1400 2977 1442 3042 de

322 3060 435 3126 Lacu⁵
451 3060 544 3125 nobis
565 3061 782 3142 transmissae,
804 3068 837 3124 et
863 3081 937 3124 cum
959 3060 1102 3124 maxima
1116 3061 1322 3125 veneratione
1337 3063 1441 3125 tocius

324 3146 402 3210 cleri
416 3153 448 3210 et
486 3143 575 3233 opuli
595 3155 772 3230 susceptae,
794 3143 978 3208 reconditae
1004 3153 1078 3207 sunt
1099 3165 1174 3207 cum
1188 3143 1258 3208 aliis
1273 3146 1444 3232 preciosis·

323 3231 415 3295 simis
437 3169 495 3296 reli
519 3231 581 3295 uiis
603 3231 637 3294 in
659 3229 767 3314 capite
787 3237 942 3313 argenteo
965 3237 1019 3292 et¹¹
1041 3227 1205 3292 deaurato.

497 3253 532 3379 (i.
553 3336 655 3378 annus
678 3312 838 3378 Ottonis⁰.
880 3312 975 3376 Anno
998 3311 1132 3377 Domini
1156 3312 1267 3378 1209.»

406 3400 612 3464 Innocentius
633 3419 720 3484 papa
740 3397 875 3461 audiens
896 3397 1058 3482 principes
1080 3397 1184 3462 tocius
1206 3398 1334 3496 imperii
1350 3397 1442 3464 Otto-

322 3507 396 3550 nem
425 3485 460 3548 in
487 3505 597 3569 regem
629 3481 781 3567 elegisse,
814 3488 846 3545 et
877 3502 988 3545 eorum
1019 3481 1152 3546 consilio
1182 3479 1323 3567 Phihppi
1355 3483 1442 3568 regis

323 3568 431 3652 filiam,
462 3569 608 3654 quamvis
636 3565 911 3651 consanguinitate
933 3565 964 3628 ei
990 3566 1143 3646 iunctam,
1168 3575 1300 3652 propter
1322 3568 1443 3632 bonum

323 3655 414 3742 pacis
436 3661 468 3718 et
490 3650 678 3724 concordiae
693 3649 739 3713 illi
753 3651 787 3713 in
802 3649 1005 3714 matrimonio
1028 3649 1177 3734 sociasse,
1191 3651 1308 3716 iterum
1332 3672 1444 3737 supra-

322 3833 346 3885 ε)
363 3835 440 3874 dearsit
457 3833 544 3884 secem.
560 3835 582 3875 0.
649 3831 672 3883 b)
689 3834 843 3880 Provinciam,
864 3843 932 3872 mana
946 3844 964 3873 a.
981 3830 1029 3872 XV.
1045 3842 1152 3882 repertor.
1169 3832 1299 3873 Provenole
1315 3833 1364 3884 ca,
1385 3835 1444 3874 Pro-

322 3895 420 3934 vtntinm
437 3895 478 3934 01.
524 3891 708 3944 eteorumBl.
753 3891 777 3943 d)
794 3892 915 3933 deestBl.
969 3889 1161 3942 stuppeum.
1221 3889 1288 3942 (lita
1303 3892 1404 3934 13·1.01.
1421 3895 1442 3936 2.

322 3952 347 4004 g)
363 3953 469 4002 proditus
484 3952 532 3992 131.
583 3951 608 4003 h)
623 3953 678 4002 Ipso
694 3961 755 3991 anno
772 3952 793 3998 G,
809 3952 847 3990 ati
861 3951 913 3990 tace
927 3961 996 4001 cupro
1008 3955 1059 4001 post
1068 3950 1148 3990 Albini
1163 3951 1270 3999 loquetae.
1325 3951 1342 4002 i)
1359 3954 1444 3995 n.s.0.

323 4011 486 4063 k>U1mentl
538 4009 555 4062 l)
573 4011 800 4060 constantinopolim
815 4012 836 4050 O.
887 4011 918 4060 m)
935 4010 1062 4050 bobonum
1077 4021 1134 4051 corr.
1151 4009 1255 4050 abbatem
1274 4011 1295 4052 θ.
1340 4009 1365 4062 n)
1382 4016 1405 4051 et
1420 4012 1443 4052 d.

323 4071 405 4113 acc.
467 4069 489 4122 o)
507 4070 606 4118 12.Bt‚
622 4070 660 4110 cat
674 4081 694 4110 a.
713 4069 740 4112 0.
755 4071 813 4119 dam
828 4069 849 4111 2.
866 4080 888 4113 a.
904 4069 931 4110 O.
947 4070 991 4111 der.
1008 4071 1051 4110 02.
1111 4070 1135 4119 p)
1153 4068 1380 4110 1209.ecorr.Bl.

327 4221 355 4289 1)
375 4222 416 4274 De
435 4222 513 4274 Petro
532 4220 565 4274 dc
586 4220 730 4273 (laatehsoa
750 4218 914 4272 Oiatercieaai
933 4220 999 4282 (aaa
1017 4217 1163 4283 cardinali)
1192 4237 1275 4271 sermo
1294 4237 1349 4274 esse
1367 4220 1442 4274 vide·

323 4304 377 4349 tur.
414 4295 471 4349 PL.
515 4293 544 4362 2)
563 4295 687 4357 dorcet,
705 4295 739 4360 ef.
760 4294 865 4346 deloco
884 4292 1064 4344 Wakelmaaa
1078 4291 1103 4356 I,
1117 4311 1149 4359 p.
1169 4294 1221 4343 477
1241 4311 1268 4344 a.
1314 4293 1342 4363 3)
1363 4296 1444 4347 Anao

326 4370 509 4510 &Oglplciprt
594 4370 623 4433 4)
643 4369 684 4420 De
709 4385 759 4434 quo
785 4368 820 4433 cf.
842 4366 923 4418 Geato
947 4366 1022 4418 (lica.
1041 4373 1117 4430 caat,
1137 4366 1187 4420 SS.
1207 4366 1311 4431 XXIV,
1328 4386 1359 4435 p.
1379 4370 1444 4423 392.
