3098 4982
241 380 430 434 canonica
448 381 561 433 REGIA
581 381 833 434 COLONIENSIS.
853 381 956 434 CONT.
970 383 1002 434 V.
1022 383 1055 434 A.
1071 383 1149 433 1248.
1222 384 1276 434 293

155 551 234 614 citer
266 549 407 614 sedecim
440 549 480 613 de
511 547 648 613 cellariis
679 560 754 614 sunt
781 559 934 614 extracta.
985 550 1073 631 Quot
1100 562 1207 616 autem
1235 573 1277 616 ex

153 633 336 699 intrinsecis
351 633 580 713 occubuenmt,
602 633 644 698 ab
660 634 873 699 exterioribus
894 637 1073 720 ignoratur;
1096 635 1173 699 sed⁸
1193 657 1278 700 unns

154 718 312 782 fratrumb
341 717 382 781 de
408 717 609 802 Gymenich⁰
630 717 766 784 letaliter
787 717 983 783 vulneratur.
1015 718 1163 805 Cumque
1185 741 1277 784 exer·

154 803 238 866 citus
261 801 347 886 regis
379 802 560 887 frequentes
591 802 637 866 sic
668 801 790 867 faceret
820 801 957 867 insultus
990 812 1022 868 et
1051 824 1110 889 per
1142 825 1278 889 magnas

154 886 320 950 machinas
352 884 456 949 dictas
492 884 621 951 ‘bliden'
657 883 688 949 la
711 886 780 950 ides
817 895 1074 973 contorquerent,
1111 888 1276 952 modicum

154 969 390 1056 profeceruntd,
421 969 498 1055 quia
518 992 579 1056 per
600 907 758 1068 quasdam
779 980 889 1056 portas
918 993 982 1034 non
1004 970 1150 1036 obsessas
1172 972 1278 1056 patuit

155 1057 304 1119 introitus
327 1063 360 1118 et
381 1055 486 1118 exitus
507 1053 753 1119 advementibus
781 1065 812 1119 et
833 1054 983 1119 obsessis.
1026 1054 1122 1120 Unde
1145 1055 1276 1141 quidam

154 1139 316 1224 ingeniosi
348 1137 542 1202 inflexerunt
568 1145 759 1220 torrentem,
789 1141 846 1224 qui
876 1160 935 1224 pro
960 1163 977 1204 e
1008 1139 1171 1216 civitatem
1199 1138 1277 1203 lam-

153 1221 281 1287 bendoe
315 1221 475 1304 currebat,
513 1233 545 1286 et
574 1221 682 1285 multis
714 1224 892 1308 peregrinis
926 1161 966 1287 db
994 1218 1179 1304 Brabantia,
1216 1223 1279 1287 def

153 1304 307 1370 Flandria
334 1317 366 1371 et
392 1306 452 1371 des
473 1304 623 1370 Picardia
651 1327 744 1370 cruce
772 1307 907 1391 signatis
936 1307 1153 1371 indesinenter
1182 1305 1276 1372 oolla-

153 1389 353 1472 borantibus,
375 1389 478 1454 factus
501 1397 551 1454 est
572 1412 672 1475 agger
693 1389 784 1454 fortis
807 1400 840 1454 et
852 1411 990 1474 magnus
1005 1400 1078 1454 ante
1093 1391 1276 1456 inferiorem

152 1487 278 1560 partem
302 1475 452 1556 civitatis,
474 1475 701 1560 immissusque
723 1483 848 1538 torrens
863 1474 940 1539 fecit
960 1473 1104 1560 amplum
1126 1484 1275 1560 stagnum

152 1561 236 1624 inter
263 1568 369 1622 castra
397 1557 614 1622 obsidentium
641 1567 673 1622 et
702 1559 881 1641 civitatem,
904 1558 1034 1623 domino
1063 1558 1186 1644 legato,
1220 1562 1277 1646 qui

152 1642 274 1706 ibidem
294 1645 328 1707 in
344 1642 511 1708 obsidione
525 1641 639 1723 fuerat,
661 1641 785 1728 largam
800 1641 1021 1706 laborantibus
1042 1641 1276 1728 indulgentiam

155 1727 367 1791 condonante.
412 1727 565 1790 Excitata
587 1728 684 1791 etiam
705 1727 804 1792 verbo
831 1727 1059 1812 predicationis
1081 1749 1140 1813 per
1160 1729 1275 1792 fratres

152 1811 294 1875 Minores
315 1810 355 1874 de
374 1809 520 1896 partibus
535 1811 650 1892 Rheni,
665 1811 767 1892 Mose,
789 1810 830 1874 de
845 1809 1019 1874 Hollandia
1038 1822 1071 1876 et
1084 1810 1276 1897 potissime&

152 1893 193 1959 de
215 1893 363 1959 Phrisiall
392 1894 563 1959 multitudo
597 1894 730 1980 copiosa
751 1893 897 1976 advenit3
929 1917 989 1980 per
1017 1917 1112 1981 quam
1135 1895 1276 1960 multitu·

152 1977 270 2061 dinem,
292 1978 529 2043 Phrisionibusi
558 1978 679 2044 ibidem
710 1988 838 2043 strenue
865 1978 1046 2063 agentibus,
1081 1981 1195 2044 civitas
1216 2003 1276 2067 per

43 2100 45 2104 ,
153 2064 323 2129 circuitum
359 2063 517 2127 artissime
553 2072 603 2127 est
637 2061 764 2127 vallata.
812 2062 908 2128 Unde
945 2074 1021 2149 post
1053 2085 1111 2128 sex
1147 2086 1273 2128 menses

153 2145 330 2211 obsidionis
346 2148 513 2212 interiores
528 2146 724 2228 vacillantes,
746 2147 908 2233 petierunt
922 2145 1119 2233 colloquium
1134 2146 1275 2212 Conradi

151 2231 409 2318 archiepiscopik
431 2229 642 2314 Coloniensis,
671 2233 726 2318 qui
754 2241 869 2316 potens
891 2241 923 2296 et
944 2233 1119 2317 precipuus
1146 2242 1215 2298 erat
1240 2233 1275 2296 in

151 2317 311 2399 exercitu3
339 2338 402 2402 quo
424 2315 586 2380 mediante
609 2338 642 2380 se
663 2316 733 2401 regi
756 2315 920 2397 dedentes,
943 2315 984 2380 ad
1006 2316 1108 2402 ipsius
1136 2317 1273 2401 gratim

150 2399 373 2466 admittuntur.
417 2401 531 2486 Itaque
563 2401 597 2463 in
627 2400 709 2465 festo
743 2401 886 2464 omniurn
909 2409 1092 2464 sanctorum
1123 2399 1371 2470 dominusuom.

150 2483 343 2549 Wilbelmus
367 2483 487 2549 electus
516 2483 559 2549 ab
587 2484 830 2571 archiepiscopo
854 2484 1040 2550 Coloniensi
1068 2485 1213 2549 residens
1240 2487 1274 2549 in

151 2569 227 2632 sede
249 2571 339 2654 regia
360 2570 395 2631 in
409 2590 520 2652 regem
536 2581 751 2634 consecratur.
780 2570 860 2634 Post
873 2568 933 2635 hec
947 2568 1072 2655 legatus
1093 2569 1136 2633 ad
1151 2571 1273 2634 curiam

150 2674 236 2737 pape
249 2653 430 2734 revertitur,
453 2674 513 2716 rex
525 2675 602 2718 vero
621 2657 655 2718 in
670 2662 776 2719 castro
788 2653 942 2737 Werden,
965 2653 1052 2741 quod
1067 2653 1141 2718 diu¹
1166 2655 1274 2740 prius¹

151 2736 181 2798 ei
203 2735 365 2800 redditum
386 2735 500 2818 fuerat,
521 2739 684 2823 recipitur.

235 2819 312 2905 Ipso
341 2840 436 2901 anno,
469 2840 542 2883 curn
573 2821 749 2906 capitulum
779 2820 970 2887 Ooloniense
1001 2844 1061 2908 pro
1089 2823 1274 2887 omnimoda

151 2901 367 2968 destructione
390 2904 520 2968 maioris
543 2904 674 2970 ecclesie
695 2907 826 2991 antique
855 2916 886 2970 et
906 2909 1110 2992 reparatione
1132 2907 1274 2972 melioris

150 2995 309 3052 structure
321 2987 361 3053 de
372 3008 529 3052 consensu
544 2989 780 3075 archiepiscopi
791 2999 823 3054 et
833 2991 978 3076 priorum
994 2991 1243 3056 concordassent
1251 3003 1273 3073 ²,

149 3070 350 3156 festiniquem
362 3070 456 3136 'valde
473 3074 618 3157 magistri
634 3075 740 3159 operis
756 3072 942 3138 orientalem
960 3085 1086 3160 partem
1107 3097 1274 3139 murorum

150 3154 286 3220 ecclesie
314 3165 498 3238 cavassent,
538 3157 637 3220 nimio
674 3158 759 3242 ignis
788 3156 930 3221 fomento
959 3167 1135 3243 aggregata
1162 3158 1274 3242 ligna¹²

151 3250 339 3304 cavaturam
354 3239 569 3305 suffulcientia
591 3242 713 3306 incauti
736 3239 947 3322 succendunt,
968 3251 1006 3306 ut
1020 3238 1120 3304 moles
1136 3242 1275 3326 desuper

150 3334 237 3389 stans
267 3326 330 3390 cito
359 3334 474 3393 rueret.
520 3325 606 3390 Sed⁰
638 3326 722 3410 ignis
755 3323 954 3389 invalescens
982 3333 1080 3391 vento
1111 3327 1274 3390 instantes

148 3406 252 3472 illude
285 3407 393 3473 nobile
422 3430 503 3508 opus
536 3408 680 3491 ecclesie,
716 3408 793 3473 licet
824 3410 1003 3495 antiquum,
1040 3430 1113 3472 cum
1146 3407 1273 3472 duabus

149 3493 276 3557 coronis
303 3493 487 3558 deauratisr
519 3494 604 3558 intus
633 3493 889 3580 dependentibus
916 3502 1024 3578 preter
1050 3492 1134 3558 solos
1163 3514 1273 3557 muros

147 3577 307 3660 parietum
329 3577 457 3663 penitus
480 3581 688 3664 consumpsit.
732 3577 855 3642 Verum
883 3575 994 3642 divina
1015 3577 1119 3641 virtus
1142 3576 1271 3642 eviden·

148 3773 171 3826 a)
187 3785 269 3815 verum
285 3776 336 3816 na.
383 3773 405 3827 b)
424 3777 451 3816 ds
467 3778 578 3818 fratribus
594 3779 691 3818 fratrum
707 3779 754 3818 Dl.
809 3777 830 3830 c)
846 3775 994 3818 Gtmmenich
1009 3779 1061 3818 Μ.
1108 3775 1131 3828 (1)
1147 3777 1205 3828 perf.
1221 3777 1272 3818 m,

148 3831 171 3885 e)
185 3834 286 3875 labendo
302 3835 353 3874 Da.
414 3833 505 3886 Oderat
519 3838 569 3877 os.
635 3836 659 3888 g)
675 3838 820 3887 potissimum
836 3837 884 3878 Dt.
944 3835 969 3888 h)
985 3838 1062 3877 Prista
1077 3837 1128 3878 Da.
1189 3834 1205 3887 i)
1221 3837 1273 3877 Fri·

147 3893 311 3933 sonibusDtl.
386 3891 411 3945 k)
429 3894 479 3935 Oel-
496 3907 517 3937 a.
534 3897 582 3938 Da.
658 3893 676 3947 l)
693 3897 815 3940 snteDt.
884 3892 915 3946 m)
932 3895 991 3937 festo
1007 3898 1054 3946 inq.
1070 3896 1150 3945 magni
1166 3906 1202 3946 op.
1219 3896 1272 3941 D2.

148 3950 308 4014 n)‘llgnorum
325 3952 374 3992 Da.
464 3952 487 4005 o)
503 3955 590 3998 Verum
607 3956 659 3995 Da.
750 3952 775 4007 p)
792 3955 896 3995 destante
913 3955 966 3996 Dl.
1056 3953 1080 4007 q)
1096 3967 1120 3996 n.
1142 3954 1204 3995 illud
1218 3957 1271 3998 na.

147 4010 168 4064 r)
183 4011 260 4051 aureis
276 4013 327 4052 Μ.

149 4159 178 4225 1)
196 4161 256 4212 Hoc
276 4162 355 4213 ualde
374 4162 486 4216 dubiam
505 4173 559 4227 est,·
585 4165 619 4230 cf.
644 4163 793 4230 diplomata
812 4161 940 4215 withelmi
962 4162 1040 4230 repis,
1059 4164 1184 4228 Bo'bmer,
1205 4163 1272 4231 Ray.

152 4232 228 4286 Wto.
248 4237 274 4286 b.
294 4236 412 4288 36-46.
440 4235 468 4288 0.
525 4235 553 4302 2)
575 4236 615 4304 Of.
635 4245 725 4290 aotam
748 4255 774 4290 o.
796 4237 876 4300 1247,
896 4234 946 4293 Sd.
965 4237 1045 4299 XVI,
1060 4255 1091 4303 p.
1113 4235 1181 4288 735:
1202 4237 1270 4288 Cum

148 4307 182 4357 de
203 4312 338 4360 communi
364 4311 476 4362 consilio
503 4311 646 4363 diffinitum
667 4318 746 4374 esset,
772 4317 802 4362 ut
820 4312 905 4361 maior
925 4310 1044 4362 ecclesie
1064 4313 1097 4362 de
1117 4325 1187 4361 nevo
1207 4326 1270 4362 con·

147 4385 292 4433 strueretur
310 4389 367 4447 ete,
381 4391 405 4437 et
418 4400 486 4450 quae
499 4383 584 4453 Περεῖ
592 4385 701 4450 monuit,
715 4383 967 4448 ‘Stddtccbronikem
982 4381 1054 4436 Ooln’
1068 4384 1093 4448 I,
1099 4402 1131 4450 p·
1144 4399 1190 4440 XL.
1204 4401 1231 4435 a.
1242 4383 1270 4434 3.
