3098 4982
289 343 343 394 250
399 342 585 396 CHRONIOA
605 342 718 395 auum
738 341 989 395 concumusls.
1010 341 1114 392 CONT.
1124 339 1179 391 111.
1198 338 1229 390 Α.
1241 339 1321 391 1219.

684 513 851 567 Recenrio
872 515 896 565 I.
916 521 946 566 et
963 512 1006 565 II.

226 618 337 678 ortapar
355 625 425 676 quae
444 611 626 674 negotiatores
639 609 846 659 sarracenorum
868 613 895 657 et
913 607 1049 674 peregrini
1069 608 1185 673 ipsorum
1205 607 1330 657 Meeham
1349 612 1410 658 ten·

290 684 383 734 dentes
411 681 455 733 vel
484 682 517 732 ab
540 697 572 732 ea
597 686 762 732 revertentes
788 682 902 732 transire
929 681 1030 743 solent,
1062 683 1109 730 eta
1137 681 1184 746 qui
1208 680 1259 730 hec
1283 685 1407 746 potenter

289 757 418 818 tenuerit,
444 753 590 806 Ierusalem
617 770 677 804 eum
697 755 813 805 voluerit
837 755 954 818 graviter
979 755 1058 803 nimis
1086 769 1145 804 eum
1172 756 1245 818 agris
1271 759 1298 804 et
1321 755 1407 804 vineis

288 836 377 886 ledere
398 837 506 900 poterit.
549 821 590 886 Irr
610 820 672 885 hoc
686 821 817 889 tandem
832 829 1050 885 convenerunt
1065 819 1185 902 fideles,
1209 830 1246 884 ut
1290 820 1407 883 rimum

288 907 402 971 civitas
434 915 689 990 expugnaretur,
711 899 787 970 lieet
808 926 889 990 opus
919 925 1016 968 causa
1044 902 1242 969 liberationis
1266 841 1407 969 §anctae

289 991 407 1055 Terrae
427 989 523 1054 fuerit
555 989 751 1070 inchoatum,
773 998 805 1054 et
837 990 980 1052 omnium
1009 989 1303 1073 crucesignatorum
1334 986 1407 1052 talis

224 1075 347 1148 ouefuit
379 1074 543 1138 intentiob.
586 1088 694 1138 Interea
727 1085 853 1136 soldanus
883 1084 1028 1152 magnam⁰
1058 1085 1255 1136 multitudinem
1286 1085 1407 1151 peditum
1441 1141 1444 1148 ,

290 1165 411 1216 clanculo
441 1181 489 1231 per
520 1165 581 1215 loca
608 1163 739 1230 palustria
766 1165 838 1214 misit
863 1163 897 1213 ad
924 1164 1070 1226 civitatem,
1100 1180 1212 1229 quorum
1238 1162 1347 1214 ducenti
1371 1165 1407 1212 40

190 1239 440 1292 rouaehrietianis
461 1239 653 1288 dormientibus
672 1238 780 1288 fuerunt
798 1238 912 1303 ingressi
938 1236 1074 1287 dominica
1093 1243 1154 1302 post
1172 1237 1269 1288 festum
1289 1238 1407 1288 omnium

288 1318 453 1374 sanctorum
485 1311 594 1362 tandem
627 1327 675 1377 per
707 1311 850 1361 clamorem
881 1311 993 1376 vigilum
1026 1311 1111 1360 occisi
1144 1316 1206 1361 aunt
1239 1310 1294 1361 vel
1325 1311 1407 1376 capti.

194 1384 277 1426 Noas.
360 1385 474 1450 Igitur
492 1385 561 1436 Non.
581 1384 739 1435 Novembris
760 1391 841 1450 capta
861 1390 901 1435 est
920 1385 1048 1433 Damiata
1067 1384 1171 1449 absque
1193 1383 1330 1435 deditione
1349 1385 1407 1434 siue

288 1458 453 1520 defensione,
479 1460 537 1508 sine
557 1455 677 1508 violenta
697 1457 889 1524 depredatione
910 1473 969 1507 cum
989 1457 1112 1516 tumultu,
1138 1463 1167 1507 ut
1193 1457 1244 1507 soli
1262 1457 1333 1507 Filio
1353 1457 1408 1506 Dei

287 1537 434 1588 menbatur
456 1539 594 1588 evidenter
615 1537 736 1587 victoria.
780 1525 1011 1609 Itaque10um
1038 1524 1143 1608 primo
1173 1524 1338 1588 civitatem
1360 1523 1407 1586 in-

286 1617 432 1689 trassent,
460 1607 531 1694 plus
561 1630 658 1693 quam
679 1609 741 1672 tria
762 1606 851 1672 milia
871 1615 1070 1674 mortuorum
1092 1609 1286 1672 invenerunt
1313 1608 1348 1671 in
1369 1629 1407 1672 ea

286 1713 375 1757 more
397 1713 513 1756 canum
536 1693 569 1755 in
584 1690 698 1776 plateis
713 1690 891 1776 insepultos
906 1692 1021 1755 iacere.
1049 1690 1177 1777 Reliqui
1193 1712 1304 1755 omnes
1319 1692 1354 1754 in
1369 1712 1408 1756 ea

287 1774 409 1840 debiles
420 1777 557 1840 inerunt.
573 1776 714 1857 Quidam
727 1775 885 1874 siquidem
898 1776 1063 1839 christiani
1071 1777 1156 1839 cirea
1168 1775 1291 1839 mediae
1302 1776 1407 1839 noetis

287 1858 447 1923 silentium
469 1859 611 1940 consilio,
632 1870 668 1924 ut
683 1859 852 1941 oredrmus,
876 1860 1089 1944 quorumdam
1112 1859 1151 1923 de
1167 1859 1295 1924 civitate
1311 1860 1408 1924 intro·

286 1945 376 2008 missi
391 1943 527 2024 fuerunt,
550 1954 582 2008 et
599 1943 724 2029 legatus
742 1943 934 2008 intromissis
956 1944 1076 2007 nuntiis
1091 1953 1194 2008 turres
1217 1954 1250 2008 et
1263 1943 1407 2008 homines

285 2026 427 2113 perfidae
438 2029 543 2111 gentis
554 2027 812 2115 quamplurimos
819 2029 1001 2112 captivavit.
1017 2026 1083 2090 Alii
1094 2026 1186 2092 multi
1197 2027 1407 2093 ascendentes

286 2120 389 2174 turres
401 2111 558 2194 fortiores,
569 2133 702 2177 aurorae
712 2113 819 2178 lucem
830 2112 864 2175 in
876 2113 922 2176 eis
932 2111 1197 2197 prestolabantur.
1220 2112 1345 2176 Exorta
1367 2134 1408 2176 ue

286 2195 358 2260 luce
373 2195 538 2260 Nonarum
553 2197 785 2262 Novembrium
805 2219 915 2260 omnes
938 2219 972 2261 se
995 2197 1140 2281 captivos
1157 2195 1327 2261 Sarraceni
1376 2217 1409 2260 a·

286 2281 402 2344 miatae
423 2279 578 2345 dedenmt
598 2291 630 2345 et
641 2282 803 2345 civitatem
818 2278 956 2345 totaliter
970 2281 1004 2342 in
1019 2288 1208 2366 potestatem
1224 2280 1409 2344 christiano-

223 2385 367 2446 vitarum,
381 2365 526 2449 quamvis
541 2365 642 2448 inviti,
658 2364 868 2429 tradiderunt.
889 2379 925 2427 Et
940 2392 1000 2427 cum
1015 2383 1157 2442 caperetur
1172 2377 1265 2427 civitas
1280 2379 1308 2428 in
1323 2377 1407 2428 oculis

286 2455 358 2519 regis
377 2454 525 2520 Babilonis,
552 2472 625 2507 more
651 2455 730 2506 solite
754 2456 877 2506 nonfuit
898 2471 978 2506 ausus
999 2455 1100 2506 Christi
1126 2454 1224 2506 milites
1250 2455 1285 2504 ad
1312 2455 1404 2506 defen·

285 2529 388 2578 sionem
407 2535 514 2594 paratos
539 2545 586 2595 per
601 2530 728 2580 fossatum
755 2545 846 2582 eorum
871 2523 1016 2593 aggredid.
1054 2529 1157 2578 Eodem
1183 2530 1263 2579 etiam
1282 2534 1403 2594 ternpore

285 2601 381 2651 fluvius
402 2603 528 2664 exerevit,
547 2604 686 2653 uberrimis
707 2603 783 2667 aquis
802 2603 929 2653 fossatum
949 2601 1072 2667 implens.
1113 2602 1175 2667 Ipse
1194 2618 1258 2652 vero
1279 2603 1404 2654 confusus

285 2671 393 2740 propria
409 2680 497 2725 castra
518 2675 664 2726 combussit
683 2681 710 2726 et
728 2675 806 2741 fugit.
844 2675 1008 2726 Invenerunt
1033 2677 1138 2726 etiam
1164 2676 1192 2724 in
1212 2691 1244 2725 ea
1264 2691 1355 2726 aurum
1378 2681 1405 2726 et

286 2753 426 2812 argentum
447 2747 557 2798 multum
577 2749 665 2812 nimis,
691 2764 794 2815 pannos
814 2751 915 2799 sericos
941 2750 1137 2812 negotiatorum
1163 2749 1191 2796 in
1211 2748 1405 2810 habundantia,

286 2825 396 2870 restese
415 2822 553 2885 preciosas
580 2827 745 2873 stornatum
770 2821 855 2873 seculi
875 2838 934 2872 cum
954 2823 1028 2871 varia
1053 2821 1235 2888 suppellectili
1259 2824 1287 2871 iu
1313 2837 1406 2888 super·

285 2893 479 2944 habundantia.
516 2896 584 2945 Nam
599 2901 687 2961 preter
707 2911 761 2955 eos,
782 2897 828 2960 qui
841 2897 895 2946 vivi
915 2895 1100 2960 comprehensi
1120 2897 1227 2946 suntin
1248 2911 1288 2958 ea,
1308 2896 1406 2946 mortui

286 2967 430 3032 promiscui
455 2983 534 3018 sexus
559 2984 576 3017 a
601 2973 720 3034 tempore
747 2967 895 3019 obsidionis
921 2970 949 3018 in
969 2969 1083 3018 circuitu
1108 2974 1295 3034 computantur
1314 2968 1349 3018 ad
1370 2969 1406 3018 30

286 3039 360 3090 milia
381 3046 407 3090 et
427 3040 548 3107 amplius,
569 3057 636 3107 quos
655 3043 712 3092 sine
732 3036 819 3092 ferrof
839 3049 865 3092 et
883 3044 946 3107 igne
966 3042 1097 3092 Dominus
1117 3043 1258 3108 percussit.

287 3184 309 3236 a)
334 3190 357 3225 et
371 3187 412 3235 qui
429 3185 451 3227 h.
468 3198 490 3236 p.
509 3191 524 3228 t.
546 3188 793 3229 rememoramus.
882 3185 906 3238 b)
923 3184 953 3228 [ia
969 3199 1037 3238 mara.
1054 3188 1123 3236 suppl.
1140 3187 1185 3227 111.
1278 3185 1299 3237 c)
1322 3197 1408 3236 magna

287 3244 434 3285 multitudine
450 3246 496 3284 Bl.
506 3246 541 3286 02
558 3245 590 3295 (at
598 3248 643 3286 cod.
654 3247 706 3287 olio.
720 3248 794 3295 prima
808 3247 884 3297 manu)
891 3259 898 3298 ,⁴
914 3247 1016 3286 maxima
1032 3246 1181 3286 multitudine
1190 3246 1208 3285 0
1215 3247 1234 3284 l.
1266 3246 1289 3296 d)
1299 3247 1354 3285 deest
1363 3246 1407 3286 02.

287 3303 309 3355 e)
325 3308 400 3344 vestes
418 3325 444 3334 -
460 3305 617 3355 suppellectili
632 3307 674 3348 dea.
691 3305 735 3348 Get.
795 3304 814 3356 t')
826 3311 878 3356 poet
893 3307 942 3346 add.
960 3307 979 3344 B
989 3310 1008 3346 l.
1027 3328 1053 3336 -
1070 3311 1093 3345 et
1108 3305 1163 3344 deest
1179 3305 1220 3347 01.
1233 3306 1253 3347 2.

289 3436 315 3498 l)
335 3436 411 3488 Haeo
429 3453 513 3502 neque
533 3435 561 3487 ia
580 3437 667 3489 codice
686 3453 770 3502 neque
791 3437 865 3502 apud
884 3437 1036 3489 Eeoardum
1055 3435 1153 3488 inveni.
