3122 4978
324 373 376 426 tet
424 373 611 428 (trinomen
631 371 744 424 suom
763 371 1016 426 commanem.
1037 371 1140 423 CONT.
1154 371 1195 424 11.
1212 370 1245 423 A.
1261 369 1341 422 1214.

322 541 512 624 solimitano,
533 562 661 606 crucem
679 538 800 606 Christi
821 561 879 626 per
893 540 1077 606 universam
1091 547 1210 605 terram
1229 540 1389 628 predicari
1411 549 1445 605 et

346 625 478 713 epulum
509 626 551 691 ad
583 623 821 711 expeditionem
849 623 961 690 Sancti
990 622 1159 709 Sepulchri
1192 623 1313 689 hortari
1342 624 1442 694 iubet.

321 649 386 776 hui
406 713 511 797 primo
541 709 673 795 quidem
701 709 808 796 pauci,
837 717 950 794 postea
970 729 1047 773 vero
1073 706 1323 774 innumerabiles
1345 708 1443 774 obsu-

323 794 447 860 dientes
477 795 596 880 signati
610 801 693 858 sunt.
777 793 875 878 Ipso·
889 801 1032 878 tempore
1045 790 1122 858 Otto
1136 793 1311 878 imperator
1323 801 1443 858 terram

323 844 510 943 comitis'de
532 877 628 944 Gelre
649 878 724 963 igne
746 875 928 959 devastate
954 885 1029 976 pest
1049 875 1109 940 hec
1130 875 1229 940 filiam
1252 877 1343 942 ducis
1364 876 1443 940 Bra-

225 959 1443 1144 2,1.ttttlt„tlttttt‘tthtttt,tltsstahttitit}

321 1127 1444 1363 iiiiiiiffiilipiiiiiiiiiiiiiiffipiiiissdiii

323 1299 942 1468 diiiiieihdrilhi?aliidmcedpiunliirseiiriilii
965 1319 1163 1464 ddcliilerintui,
1194 1319 1361 1468 ipsleerieri)
1381 1319 1443 1444 illig-

205 1487 262 1539 Aaff.
276 1489 311 1530 15.
346 1478 451 1532 orator
485 1466 652 1531 inhoneste
688 1487 835 1531 reversus
873 1475 932 1535 est.
1019 1466 1058 1530 In
1089 1469 1307 1552 assumptione
1339 1466 1442 1530 Marie

322 1489 507 1642 l‘ridericus
544 1571 603 1615 rex
639 1572 713 1614 cum
750 1548 955 1615 inestimabili
983 1549 1187 1616 multitudine
1215 1549 1443 1614 Alamanniam

322 1635 495 1720 ingressus,
528 1633 662 1700 Mosella
692 1635 836 1716 traiecta,
872 1635 906 1697 in
935 1634 1073 1699 confinio
1105 1633 1278 1700 Meinevelt
1306 1633 1443 1700 tentoria

321 1720 471 1784 fixerunt.
516 1718 589 1866 [gri.
605 1717 788 1818 Wahavius
818 1718 1148 1868 corpesslnliacensis,
1174 1717 1311 1783 Adolfus
1333 1740 1442 1784 comes

321 1802 507 1973 ttlhth,
535 1823 1193 1973 anturnacensium
1221 1823 1443 1973 tw„

321 1980 439 2036 terram
472 1992 584 2036 eorum
615 1971 749 2058 pacifice
777 1972 936 2053 transiret,
965 1969 1046 2035 nihil
1070 1972 1132 2035 nisi
1159 1981 1336 2036 mercatum
1367 1991 1443 2036 con-

322 2053 422 2141 digna
441 2054 590 2121 mercede
616 2056 792 2142 recipiens3
822 2076 885 2141 que
912 2076 979 2141 pax
1004 2057 1112 2121 statim
1139 2079 1178 2121 ru
1202 2067 1236 2121 ta
1257 2065 1314 2120 est.
1357 2054 1442 2119 Nam

321 2139 390 2204 dux
410 2139 559 2204 Baioarie
580 2161 639 2226 pro
663 2139 803 2226 quadam
826 2140 1044 2204 controversia
1073 2079 1217 2205 sedanda
1243 2139 1442 2225 aliquantum

321 2223 363 2289 ab
384 2223 529 2288 exercitu
551 2234 766 2311 sequestratus
789 2225 925 2309 capitur.
969 2223 1040 2288 Rex
1055 2245 1132 2289 vero
1155 2224 1238 2290 ultra
1252 2245 1442 2309 progressus

321 2307 456 2373 fluvium
478 2308 603 2372 Musam
626 2308 759 2389 transiit,
789 2317 905 2372 terram
929 2307 1020 2372 ducis
1042 2307 1218 2374 Brabantie
1238 2309 1357 2374 intrare
1379 2306 1442 2372 dis-

322 2392 443 2479 posuit3
473 2391 532 2456 sed
554 2391 622 2457 dux
644 2392 712 2456 eius
734 2390 874 2456 adventu
895 2393 1033 2474 territus,
1057 2393 1086 2458 ei
1115 2393 1269 2479 pacificus
1293 2392 1442 2476 occurrit,

322 2496 435 2562 pacem
458 2475 605 2561 quesivit,
632 2498 727 2562 quem
744 2497 803 2539 rex
817 2475 874 2539 tali
895 2475 1076 2541 conditione
1098 2477 1131 2540 in
1148 2479 1289 2625 <pretinm
1310 2477 1442 2562 recepit,

323 2558 412 2646 quod
432 2559 504 2645 ipse
526 2558 594 2622 dux
615 2560 685 2644 regi
707 2558 891 2624 fidelitatem
919 2560 1047 2644 faceret,
1077 2562 1147 2626 obsi
1171 2583 1205 2626 es
1227 2561 1327 2642 daret,
1356 2559 1443 2646 quod

181 2725 183 2730 ,
323 2644 358 2706 in
380 2642 527 2707 omnibus
555 2644 586 2708 ei
612 2642 717 2708 fidelis
744 2645 897 2708 existeret
925 2653 957 2709 ct
984 2654 1096 2710 contra
1125 2667 1253 2710 omnem
1279 2643 1442 2709 hominem

207 2755 264 2806 sua.
277 2727 353 2794 saei
374 2726 511 2792 fideliter
537 2727 731 2792 carismata.
816 2727 854 2792 In
884 2727 1094 2796 decollatione
1122 2729 1275 2795 Iohannis
1303 2729 1442 2815 baptiste

323 2813 357 2874 in
384 2811 521 2875 confinio
551 2811 753 2878 Confluentie
781 2821 855 2877 ente
883 2811 1060 2878 diluculum
1089 2823 1278 2880 terremotus
1305 2834 1442 2897 magnus

323 2894 429 2960 factus
452 2903 509 2960 est
594 2895 654 2960 Est
675 2897 876 2982 inpartibus
906 2897 1048 2963 occiduis
1078 2920 1174 2984 super
1195 2897 1329 2962 fluvium
1350 2897 1443 2962 Mass

323 2975 400 3043 villa
435 2980 564 3045 nomine
599 2977 727 3062 Kirche,
763 3002 862 3066 penes
898 3004 933 3047 se
968 2981 1112 3047 eiusdem
1146 2982 1284 3046 nominis
1320 2979 1442 3047 habens

221 3087 279 3139 sape.
292 3089 313 3130 s.
325 3072 482 3146 castrum,
504 3061 561 3128 ubi
583 3085 657 3128 cum
673 3066 760 3129 circa
780 3067 979 3132 nativitatem
1000 3076 1108 3132 sancte
1123 3065 1224 3131 Maria
1247 3088 1289 3130 ex
1310 3066 1443 3152 antiqua

323 3147 555 3213 consuetudine
587 3149 685 3214 totius
718 3150 831 3236 populi
863 3149 1042 3237 frequentia
1074 3172 1245 3237 rerumque
1279 3148 1442 3215 venalium

322 3230 542 3298 habrmdautia
559 3253 648 3299 more
663 3232 789 3318 vulgari
803 3233 946 3300 nundine
967 3231 1183 3320 sollempniter
1197 3233 1442 3312 celebrarentur,

323 3317 467 3404 contigit,
480 3317 640 3404 quendam
651 3319 841 3404 magistrum
850 3319 1049 3384 Xantensem
1058 3317 1138 3383 Ioha
1151 3341 1247 3384 nnem
1259 3318 1441 3407 nominem

321 3399 481 3487 legatione
515 3401 626 3466 crucis
652 3401 798 3468 frmctum
829 3400 1076 3502 [adventalssel.
1156 3424 1198 3468 uo
1225 3405 1309 3468 inter
1336 3401 1443 3489 predi-

323 3484 463 3550 candum
484 3484 525 3550 ad
548 3485 722 3551 sumendas
745 3507 856 3552 cruces
885 3487 1037 3551 intentrus
1064 3485 1221 3574 populum
1243 3485 1442 3569 adhortante,

321 3568 475 3656 nulloque
489 3591 573 3656 pene
583 3569 690 3636 verbis
708 3569 900 3637 salutaribus
915 3592 1025 3636 aurem
1040 3570 1314 3654 accommodante,
1336 3577 1441 3635 tactus

323 3652 433 3718 dolore
455 3653 561 3718 cordis
583 3654 787 3737 intrinsecus,
814 3677 855 3720 ne
876 3654 969 3719 heus!
1000 3655 1034 3718 in
1055 3676 1195 3721 vacuum
1217 3655 1440 3738 cucurrisset⁰,

238 3734 243 3742 ’
322 3745 426 3802 totum
454 3759 488 3801 se
511 3745 616 3802 mente
638 3758 676 3802 ac
698 3739 812 3838 spiritu
839 3738 881 3803 ad
901 3740 1011 3804 Deum
1040 3741 1226 3823 extendens,
1258 3761 1301 3804 ex
1322 3739 1442 3804 intimis

323 3819 499 3906 precordiis
536 3821 677 3886 divinam
713 3822 907 3908 rmplorabat
941 3824 1211 3890 misericordiam:
1255 3845 1328 3890 cum
1365 3843 1442 3887 ecce

323 3999 346 4057 a)
363 4003 423 4044 Lero
440 4003 488 4044 Aa.
548 4000 573 4054 b)
584 4003 680 4054 ,torneae
695 4005 789 4046 chartae.
852 4003 873 4056 c)
890 4008 992 4046 curreret
1008 4009 1048 4047 snt
1063 4007 1201 4047 cucurrisset
1217 4004 1263 4046 As.

325 4170 354 4235 1)
371 4170 411 4236 ΟΥ.
423 4169 533 4223 Beincri
542 4170 612 4225 Anu.
627 4191 658 4238 p.
673 4175 736 4227 6⁷1.
808 4174 838 4241 2)
857 4173 965 4229 Baetim
984 4175 1011 4226 d.
1027 4175 1070 4227 27.
1083 4174 1157 4227 Iulii.
1224 4172 1253 4239 3)
1273 4171 1441 4225 Fcrroudus.

323 4243 353 4310 4)
373 4244 456 4296 Immo
475 4243 563 4310 ipsum
582 4263 676 4313 repent.
751 4249 781 4314 ὁ)
799 4247 873 4312 Quae
884 4247 1039 4300 Fridericus
1059 4247 1123 4300 duci
1142 4245 1274 4312 samarit,
1293 4245 1442 4313 diplomata

323 4317 470 4442 {maiolus}
483 4317 705 4446 {eptlgb'datm
730 4321 853 4386 Bihmer,
880 4321 943 4390 Ray.
969 4338 1011 4373 nr.
1032 4321 1077 4374 90.
1098 4321 1142 4373 91.
1218 4321 1246 4385 6)
1267 4320 1308 4374 De
1334 4335 1385 4386 quo
1406 4319 1441 4388 cf.
