3102 4978
275 443 369 496 xvm
547 445 736 554 ennomus
755 447 868 499 Ruelh
888 448 1134 504 COLONIENSIS.

275 613 382 682 codice
404 614 466 677 Β]
498 623 628 679 servata
657 625 742 695 sunt,
772 639 794 679 a
822 614 1007 704 bibliopcpa
1035 617 1197 686 uolumini
1224 628 1389 709 compapi-

274 699 389 763 nando
420 698 580 779 adhibita,
601 700 676 766 ideo
692 698 813 784 procul
835 700 933 765 dnbio
955 711 1122 787 tamquam
1143 704 1268 770 nuliius
1314 710 1389 772 retii

274 782 411 847 abiecta.
455 783 547 847 Haec
574 783 612 847 id
635 785 835 869 praesertim
862 785 981 849 habent
1005 786 1183 871 peculiare,
1214 812 1277 874 quo
1323 792 1389 875 epi-

275 868 375 933 stolae
396 868 436 932 de
457 867 662 952 capeditione
686 867 1055 954 Constantinopolitano
1078 895 1108 935 a.
1133 872 1224 937 1204.
1246 878 1389 958 scriptae

273 955 432 1036 epitomen
453 960 579 1015 tontum
605 951 765 1034 enhibent,
789 963 966 1038 praeterea
991 956 1154 1040 quaedam
1182 957 1250 1021 abio
1273 958 1388 1024 ordine

274 1037 465 1122 disponunt.
522 1034 665 1100 Ceterum
697 1060 770 1102 cum
803 1038 969 1103 codicibus
998 1037 1027 1104 C
1038 1040 1054 1102 1
1085 1041 1154 1104 et2
1182 1044 1388 1123 conveniunt,

295 1143 376 1186 nare
399 1122 477 1185 haec
507 1142 632 1205 quoque
645 1119 739 1205 fobia
760 1119 869 1186 littera
893 1122 1042 1188 Cinscri
1067 1126 1107 1188 si.
1149 1124 1285 1190 liborum
1313 1149 1388 1191 uero

271 1145 439 1270 bectionem
460 1207 558 1269 etiam
586 1205 638 1268 hic
660 1205 768 1269 codici
788 1206 820 1269 B
848 1229 914 1272 esse
937 1146 1207 1292 praesbrendam,
1240 1219 1308 1274 tum
1335 1210 1387 1274 his

263 1291 479 1376 srapmentie,
507 1299 574 1352 tum
595 1289 712 1353 bitteris
733 1293 831 1354 etiam
852 1291 935 1355 aiibi
954 1294 1092 1356 seruatis
1102 1305 1124 1373 ¹,
1152 1304 1220 1356 tum
1246 1295 1388 1379 denique

273 1377 350 1460 ipsa
373 1374 580 1438 narrationis
601 1373 711 1437 indole
719 1373 916 1457 probamen
939 1375 1016 1440 Ideo
1032 1398 1072 1440 en
1086 1377 1119 1440 B
1133 1400 1186 1443 eos
1208 1379 1388 1464 descriptos

272 1480 351 1538 esse,
367 1480 544 1543 perperam
564 1457 659 1521 matti
680 1466 875 1523 statuerunt.
921 1457 1017 1533 Quod
1038 1482 1113 1525 vcro
1129 1463 1292 1548 quaedam
1313 1463 1392 1529 inO

273 1551 413 1623 eustant,
443 1563 527 1627 quae
543 1551 622 1626 post
649 1544 798 1688 marpini
825 1544 948 1608 codicis
969 1543 1034 1606 Β1
1062 1543 1264 1626 dictasunt,
1294 1549 1331 1612 id
1352 1569 1388 1613 eo

265 1627 398 1712 factum
420 1647 485 1690 csse
502 1635 596 1712 puto,
619 1627 707 1710 quod
745 1649 800 1690 aec
815 1648 941 1712 quoque
954 1627 1130 1712 bibripars
1150 1633 1276 1696 iteratis
1298 1635 1400 1700 curis.

274 1720 446 1792 enarota⁸,
474 1718 552 1794 post
573 1733 647 1774 vero
674 1731 714 1773 en
743 1711 888 1776 uberiori
919 1711 1101 1797 enompiari
1132 1716 1175 1778 sit
1206 1716 1387 1780 emendata.

265 1795 422 1864 'Ceterum
444 1816 484 1858 ne
512 1795 591 1858 haec
639 1794 748 1858 uidem
780 1797 986 1860 continuatio
1009 1818 1074 1880 per
1102 1798 1251 1885 scirpulos
1281 1822 1388 1864 annos
1445 1817 1448 1824 ·

274 1879 422 1965 confecta
453 1886 529 1942 est4.
621 1877 690 1941 ihii'
714 1900 789 1942 uero
827 1878 937 1960 obstat,
974 1883 1056 1964 quin
1085 1885 1231 1967 priorem
1261 1893 1389 1968 partem

274 1969 325 2047 (a.
356 1963 449 2026 1200·
465 1966 550 2047 sqq.)
580 1962 681 2026 eidem
711 1966 840 2027 auctori
873 1963 1074 2048 tribuamus,
1107 1967 1166 2050 qui
1189 1967 1322 2052 primus
1350 1969 1387 2031 in

275 2047 311 2113 S.
339 2047 552 2111 Pantaleonis
587 2050 782 2112 monasterio
818 2071 937 2113 nouum
973 2049 1149 2114 chronicon
1185 2051 1389 2114 condendum

273 2134 436 2218 suscepit,·
470 2155 547 2195 nam
576 2133 664 2215 quod
692 2131 744 2196 hic
766 2134 916 2198 acerbius
938 2133 978 2197 dc
995 2132 1117 2214 Adoifo
1140 2134 1388 2217 archiepiscopo

273 2217 457 2281 iudicatum
473 2216 628 2302 lepimus³
651 2238 749 2300 quam
764 2220 802 2280 in
814 2219 1061 2282 continuatione
1074 2217 1198 2359 prima,
1222 2239 1294 2280 cum
1310 2217 1388 2280 hacc

272 2310 399 2366 tantum
414 2301 631 2384 descripserit,
656 2298 716 2363 ibba
729 2303 802 2383 ipse
816 2321 856 2364 erc
871 2302 982 2362 animo
997 2319 1056 2361 sno
1091 2307 1204 2362 ocutus
1218 2302 1270 2380 sit,
1293 2299 1389 2384 offm-

273 2385 349 2451 dere
371 2386 492 2471 nequit.
538 2383 635 2448 Circa
659 2406 690 2445 a.
713 2405 788 2446 vcro
811 2381 902 2444 1217.
931 2380 981 2444 uel
1005 2381 1096 2446 1218.
1119 2380 1155 2446 S.
1176 2382 1389 2448 Pantaleonis

273 2470 467 2534 monachum
487 2465 607 2530 bibrum
629 2464 812 2549 confecisse,
832 2465 1001 2548 probabile
1015 2475 1070 2530 est.
1113 2463 1174 2530 Ι11ο
1190 2469 1276 2531 enim
1299 2491 1388 2533 anno

276 2553 325 2620 01
343 2553 381 2616 de
403 2550 608 2636 capeditione
630 2548 869 2634 cruciferorum
883 2549 1042 2614 brevioris
1063 2553 1272 2615 narrationis
1284 2552 1388 2652 frap-

181 2703 183 2708 ,
274 2647 414 2702 mentum
436 2636 579 2699 seruauit
600 2643 629 2698 et
649 2655 724 2698 mooe
740 2633 901 2719 quaedam
922 2635 991 2698 iam
1013 2643 1087 2698 ante
1101 2634 1207 2699 relata
1221 2638 1388 2720 repetioct;

274 2722 312 2784 id
341 2721 428 2807 qnod
454 2741 494 2783 en
523 2720 668 2783 duorum
698 2720 924 2783 recensionum
957 2721 1183 2784 coniunctione
1209 2742 1388 2806 perperam

266 2804 367 2890 facta
391 2813 496 2870 ortum
517 2804 657 2868 uidetur.
703 2802 795 2876 Quae
822 2805 924 2867 annis
956 2803 1173 2868 1217-1219.
1202 2814 1390 2868 narrantur

277 2970 306 3036 1)
334 2967 398 3020 Oum
429 2967 577 3020 litterarum
608 2967 641 3018 de
667 2962 891 3030 Constantinopoli
922 2975 1076 3033 enpupnata
1110 2967 1258 3032 compluria
1289 2975 1389 3019 constent

276 3040 448 3109 enempbrria,
473 3041 546 3092 lectio
571 3038 689 3092 codicum
709 3038 809 3090 Oaiiis
835 3039 932 3104 ubique
943 3040 1007 3104 fere
1031 3039 1208 3105 confirmatur.
1247 3040 1283 3091 In
1303 3042 1388 3092 altero

276 3116 427 3168 Bohdecoini
444 3113 611 3180 imperatorie
630 3113 657 3164 Β
672 3111 750 3164 etiam
776 3109 917 3179 lonpiorem
936 3113 1023 3164 omisit
1039 3113 1131 3165 iocum.
1206 3113 1236 3182 2)
1257 3132 1283 3165 a.
1306 3114 1388 3166 1201.

278 3188 423 3241 Ohabcnt:
453 3190 487 3238 ad
513 3187 718 3256 expugnandam
742 3186 1001 3254 Constantinopolim
1029 3203 1089 3238 cum
1117 3203 1148 3237 eo
1167 3188 1387 3255 proficiscuntur3

277 3264 316 3314 B:
342 3265 377 3314 ed
396 3261 563 3314 subdendam
589 3260 746 3312 orientalem
771 3260 915 3312 ecclesium
934 3261 1073 3312 Romanus
1093 3275 1154 3311 cum
1172 3277 1204 3313 eo
1225 3262 1389 3326 dietguntur3

278 3355 303 3388 a.
327 3336 406 3388 1211.
432 3335 461 3386 in
479 3334 513 3385 Β.
539 3335 572 3386 de
591 3332 694 3400 Sifrido
719 3331 914 3402 archiepiscopo
934 3334 1057 3385 additur:
1090 3340 1117 3384 et
1144 3335 1251 3399 legatus
1277 3349 1294 3385 s
1318 3349 1390 3401 pepe

278 3412 445 3473 constitutus,
477 3409 548 3474 qnod
579 3416 640 3458 tunc
668 3407 786 3458 nondum
812 3413 885 3469 erot,·
914 3424 938 3460 a.
969 3406 1049 3457 1212.
1074 3405 1144 3457 idem
1168 3409 1201 3459 de
1231 3407 1389 3459 Theoderico

278 3482 472 3550 archiepiscopo
499 3479 646 3533 Ocheniensi
675 3480 792 3546 deposito
824 3480 901 3532 dicit:
927 3481 1040 3531 Romam
1065 3481 1242 3546 progreditur,
1270 3483 1317 3532 ubi
1343 3497 1391 3548 per

278 3558 387 3624 longum
418 3564 523 3623 tempus
554 3556 714 3607 demoratur.
824 3553 855 3620 8)
880 3551 925 3602 Ita
947 3553 980 3604 de
1005 3551 1177 3619 quaternione
1202 3572 1230 3606 eo
1253 3547 1392 3607 'statuerim

278 3632 324 3696 qai
348 3630 402 3682 ium
422 3648 454 3696 p.
475 3629 628 3681 eor-352.
653 3627 773 3689 continet,
798 3627 918 3691 fortasse
942 3627 1020 3678 etiam
1040 3629 1216 3692 praecedente
1242 3629 1281 3694 (p.
1301 3629 1392 3678 321-

278 3706 356 3769 330).
394 3703 429 3754 1n
447 3703 501 3765 iiio,
527 3701 574 3768 qui
598 3702 627 3752 in
651 3699 735 3752 medio
763 3717 788 3751 a.
816 3701 896 3752 1203.
920 3700 1013 3766 incipit
1039 3709 1063 3752 et
1089 3718 1171 3766 usque
1197 3702 1234 3752 ad
1258 3719 1286 3752 a.
1312 3703 1391 3753 1216.

278 3777 415 3830 historiam
445 3777 566 3839 deducit,
605 3775 683 3827 etiam
718 3772 799 3824 aliam
829 3791 939 3825 manum
970 3774 1165 3840 deprehendere
1196 3774 1261 3827 mihi
1291 3774 1390 3827 uideor.

278 3852 342 3905 Atia
360 3867 443 3902 marcu
467 3867 528 3903 uero
551 3866 603 3901 non
627 3865 729 3913 semper
752 3847 835 3898 obium
862 3857 992 3899 auctorem
1010 3846 1137 3911 indicari,
1162 3850 1331 3916 manifestum
1355 3859 1391 3902 est

274 3945 306 3994 p.
333 3925 393 3987 360,
426 3923 472 3975 ubi
500 3923 528 3973 in
553 3921 680 3988 concerptis
705 3937 735 3972 en
765 3920 864 3972 Otiueri
889 3921 999 3986 epistola
1023 3938 1106 3972 mann
1133 3931 1237 3973 mutata
1260 3926 1302 3975 uet
1324 3927 1390 3973 certe

280 4007 425 4050 atramento
450 3999 554 4050 diuerso
569 3996 700 4063 perpitur.
793 3994 823 4059 4)
848 4013 872 4046 a.
898 3996 968 4046 1207
994 3993 1055 4063 (per
1079 3996 1237 4062 biennium),
1264 4013 1288 4045 a.
1310 3994 1390 4046 1208.

278 4069 401 4137 temporis
430 4079 493 4137 post
520 4068 675 4136 Philippum
708 4084 793 4134 repam
821 4069 948 4130 occisum,
977 4086 1002 4120 a.
1032 4068 1102 4119 1208
1133 4072 1281 4130 (ueniente
1307 4068 1391 4134 enno)

280 4146 346 4197 anni
366 4147 445 4198 1209.
465 4143 559 4196 mentio
571 4145 621 4210 fit,·
645 4159 686 4193 res
706 4141 858 4208 Albipcnsee
879 4161 905 4192 a,
927 4142 1007 4194 1210.
1035 4143 1074 4193 ito
1092 4150 1251 4206 narrantur,
1275 4147 1304 4192 ut
1323 4159 1391 4207 qnae

279 4222 326 4272 hoc
346 4236 415 4270 anno
435 4227 459 4270 et
478 4235 547 4269 anno
564 4219 643 4268 1211.
661 4221 735 4283 perta
753 4224 815 4266 sunt
834 4216 1051 4282 confundentem
1069 4234 1096 4268 a.
1111 4216 1191 4270 1216,
1210 4231 1253 4266 res
1265 4212 1392 4282 Anpbicae

279 4293 358 4346 ctiam
382 4291 448 4345 unni
474 4293 552 4343 1217.
579 4292 733 4343 truduntur.
770 4287 834 4340 Atia
859 4307 928 4356 qnae
947 4289 1086 4342 Lehmann
1105 4307 1135 4354 p.
1157 4291 1191 4337 62
1210 4305 1237 4341 n.
1264 4289 1339 4353 offert
1362 4287 1391 4338 in

279 4367 428 4420 recensione
447 4366 544 4418 codicis
557 4365 583 4416 B
592 4373 685 4431 postea
706 4362 810 4415 adiecta
829 4371 906 4425 eunt,·
924 4381 951 4415 o.
963 4380 990 4413 n.
1007 4365 1032 4416 3.
1108 4363 1137 4428 5)
1158 4379 1184 4414 a.
1204 4360 1284 4410 1204.
1307 4361 1393 4425 1205;

277 4443 314 4510 cf.
330 4441 469 4495 Lehmann
483 4459 513 4506 p.
533 4441 575 4495 60,
