3122 4978
222 395 409 449 CHRONICA
428 394 541 447 REGIA
561 369 815 447 (iOLONIENSIS.
836 394 939 448 CONT.
957 396 1175 448 Δ.1196.1197.
1206 398 1272 464 ‚159

516 566 687 622 Recenaio
707 568 732 618 I.
752 569 821 620 cod.
841 569 902 620 At.

231 636 408 722 Imperator
422 635 464 700 ab
480 634 628 700 omnibus
643 636 770 721 imperii
811 635 988 734 rineipibus
1003 657 1128 700 summa
1141 657 1273 723 procum

150 720 303 784 instantia
325 721 458 806 optinet,
480 729 516 783 ut
537 717 639 783 filium
662 741 754 783 suurn
776 659 975 784 Midencum
998 723 1126 785 nomine
1148 722 1206 784 vix
1220 722 1273 786 tri·

149 826 264 869 ennom
287 806 320 867 in
341 825 451 889 regem
473 802 601 887 eligant,
624 825 733 868 omnes
757 826 798 869 ue
824 803 957 889 puerulo
984 803 1080 869 fidem
1109 816 1141 870 et
1170 826 1274 871 sacra-

142 898 258 953 vmenta
279 897 426 974 prestant
445 896 553 972 preter
574 885 726 951 Adolfum
771 887 969 954 oloniensom
983 887 1273 976 archiepiscopum,

150 973 206 1058 qui
228 984 304 1038 tunc
335 970 464 1058 quidem
492 972 525 1033 in
553 969 616 1034 hoc
637 972 768 1036 minime
791 975 961 1055 consensit,
985 972 1040 1037 sed
1067 974 1273 1059 postmodum

149 1079 169 1121 a
191 1056 235 1120 ud
256 1054 473 1142 Bopardiam²
495 1056 664 1137 consensit,
686 1056 901 1120 iuramentum
923 1056 970 1121 ibi
991 1068 1137 1142 prestans
1164 1079 1273 1123 coram

148 1078 300 1226 Pbilippo
323 1139 405 1204 duce
428 1139 574 1220 Sueviae,
596 1141 693 1204 fratre
714 1141 926 1239 imperatoris.

322 1222 400 1312 [ist]
437 1223 533 1286 Anno
556 1222 737 1288 dominicae
758 1225 988 1289 mearnationis
1012 1225 1102 1291 1197.
1202 1238 1207 1248 '

233 1307 415 1394 Imperator
444 1307 477 1371 in
506 1305 629 1393 Apulia
649 1317 802 1388 moratur,
832 1318 864 1372 et
885 1308 987 1376 deseo
1009 1330 1048 1374 ac
1070 1307 1272 1409 imperatrice

154 1389 342 1456 Constantia
363 1413 474 1455 rumor
495 1391 586 1454 varia
608 1392 754 1467 seminat,
778 1391 903 1458 scilicet
947 1392 1011 1456 uod
1029 1393 1099 1478 ipse
1120 1416 1154 1458 rn
1175 1395 1273 1458 variis

148 1474 316 1540 eventibus
333 1485 515 1574 preventus,
537 1473 634 1540 etiam
656 1477 690 1539 in
712 1475 796 1540 vitae
817 1415 960 1562 pericuio
983 1499 1017 1540 se
1043 1500 1059 1541 e
1082 1477 1273 1541 constitutus

148 1561 199 1641 sit,
212 1560 309 1657 ,quod
332 1559 544 1645 imperatricis
559 1557 722 1624 voluntate
737 1582 863 1645 semper
885 1560 954 1625 fieri
1024 1560 1170 1659 gabatur.
1214 1560 1273 1626 Pe·

147 1665 242 1707 nurra
263 1665 409 1708 annonae
434 1653 466 1708 et
486 1643 637 1706 frumenti
662 1665 780 1728 magna
802 1653 834 1708 et
854 1644 955 1710 fames
975 1643 1092 1726 valida,
1118 1646 1163 1710 ita
1186 1643 1273 1730 quod

56 1734 59 1738 '
149 1725 308 1792 maldrum
323 1725 458 1813 siliginis
479 1726 512 1790 in
533 1726 679 1812 partibus
693 1727 775 1791 Reni
797 1727 839 1791 ad
863 1730 902 1793 15
924 1727 1041 1793 solidos
1062 1727 1271 1794 vendebatur.

147 1808 249 1896 Plaga
283 1810 474 1875 miserabilis
509 1820 684 1895 grassatur.
738 1811 823 1874 Nam
853 1809 921 1897 lupi
949 1813 983 1875 in
1012 1812 1158 1897 partibus
1188 1814 1272 1876 circa

147 1894 314 1960 Mosellam
336 1892 445 1980 plures
467 1894 613 1958 homines
635 1894 870 1960 devoraverunt
878 1907 900 1961 ⁰.

489 1983 661 2036 Berensis
686 1983 711 2035 Ι.
731 1984 827 2036 codd.
846 1983 879 2036 A.
901 1983 929 2036 0.

233 2052 358 2117 Eodem
372 2061 516 2138 tempore
532 2050 727 2136 quibusdam
742 2052 833 2115 iuxta
847 2049 1015 2116 Mosellam
1031 2051 1271 2119 ambulantibus

149 2137 299 2234 apparuit
319 2136 479 2202 fantasma
501 2138 601 2200 mirae
622 2135 854 2221 magnitudinis
869 2137 903 2200 in
917 2135 1058 2199 humana
1072 2135 1271 2223 formaeque

147 2242 240 2305 nigro
256 2219 409 2284 insidens.
443 2218 571 2302 Quibus
586 2219 773 2306 perterritis,
788 2219 830 2284 ad
853 2241 908 2284 eos
930 2219 1097 2302 accedens,
1111 2242 1152 2284 ne
1174 2231 1270 2286 terre·

149 2314 258 2387 antur,
280 2305 433 2369 hortatur.
476 2302 713 2368 Theodericum
735 2303 932 2369 Bernensem
954 2325 988 2367 se
1011 2304 1154 2369 nominat
1176 2313 1208 2369 et
1237 2307 1270 2369 in

147 2387 240 2454 brevi
261 2410 320 2488 per
340 2398 444 2453 toturn
465 2388 508 2451 im
535 2390 637 2452 crium
660 2388 818 2452 causamd
839 2388 997 2454 adventus
1020 2388 1069 2452 sui
1091 2388 1209 2454 debere
1223 2389 1271 2452 in-

147 2483 282 2538 notescr.
326 2470 474 2571 Cumque
496 2410 589 2558 plura
611 2494 687 2536 cum
709 2473 755 2538 eis
777 2472 944 2554 conferret,
960 2494 1042 2557 equo
1059 2494 1123 2560 quo
1138 2472 1271 2538 sedebat

148 2555 315 2621 Mosellam
337 2556 497 2637 transrvit,
520 2556 678 2643 quosdam
699 2555 824 2621 nobiles
845 2555 911 2620 illic
932 2555 1114 2622 habitantes
1159 2581 1194 2622 er
1212 2578 1269 2622 eos

147 2640 286 2704 invitans
308 2639 348 2704 ad
371 2640 531 2727 quendam
553 2640 670 2724 locum,
693 2640 805 2705 dicens
821 2663 854 2705 se
875 2641 911 2704 in
925 2641 1113 2705 ascensione
1170 2641 1270 2705 omini

147 2722 224 2788 ifluc
238 2734 408 2789 venturum
430 2735 463 2789 et
478 2746 559 2811 quae
581 2734 716 2790 ventura
731 2735 820 2790 erant
836 2725 956 2790 eisdem
976 2725 1267 2811 pronuntiaturum.

479 2850 648 2904 Recenaio
668 2850 709 2902 11.
729 2851 824 2903 codd.
844 2852 879 2903 B.
901 2851 929 2903 O.

241 2925 390 2990 Imperator
411 2951 444 2962 -
464 2949 499 2961 ·-
518 2925 599 2976 trabe
618 2926 795 2990 imperatoris.
814 2932 845 2976 at
863 2924 990 2977 Berensis
1008 2925 1035 2979 Ι.

242 2991 383 3075 Felicis,o
399 2991 572 3055 memoriae
593 2990 766 3055 Heinricus
789 2991 891 3056 abbas
920 2990 1014 3073 obiit;
1048 2991 1117 3055 cuir
1139 2990 1270 3058 Walde-

147 3087 264 3139 verusss
290 3075 461 3156 successit,
494 3072 595 3139 abbas
626 3073 738 3139 Sancti
763 3072 856 3138 Pauli
877 3076 912 3138 in
938 3075 1097 3160 Treiecto,
1132 3075 1269 3164 [anteai]

147 3156 324 3224 monachus
347 3157 482 3223 ecclesie
504 3167 641 3223 nostrae.

338 3243 366 3311 7.
414 3242 510 3306 Anno
533 3241 712 3306 dominicae
733 3240 961 3305 incarnationis
985 3240 1076 3304 1197.

232 3338 381 3404 Imperator
401 3339 430 3389 in
451 3338 549 3404 Apulis
575 3343 701 3389 moratur.
749 3323 800 3388 Ibi
829 3325 984 3411 quosdam
1012 3325 1185 3410 principes,
1238 3325 1271 3389 111

148 3411 183 3472 in
204 3432 317 3476 necem
339 3411 408 3475 eius
431 3411 629 3497 conspirasse
652 3406 850 3490 dicebantur,
872 3407 1008 3474 diversis
1029 3408 1121 3494 penis
1144 3345 1271 3472 oceidit.

148 3495 262 3552 Rumori
283 3502 388 3552 etiarn
410 3504 443 3553 de
463 3517 495 3552 eo
517 3517 603 3552 ac-
624 3528 657 3537 -
679 3500 884 3552 devoraverunt.
904 3507 934 3550 ut
952 3497 1079 3550 Reecnrs'o
1098 3497 1124 3550 I.

509 3571 677 3626 Recensio
697 3572 740 3624 ΙΙ.
760 3572 853 3624 codd.
873 3571 907 3625 Β.
1191 3635 1195 3644 ¹

234 3647 338 3698 Eodem
358 3649 464 3698 etiam
495 3663 586 3698 anno
612 3646 773 3713 quibusdam
798 3647 872 3696 iuxta
907 3643 1048 3696 Mosellam
1073 3641 1271 3696 ambulantibus

149 3722 274 3786 apparuit
291 3721 425 3772 fantasma
443 3723 527 3772 mirae
546 3720 739 3786 magnitudinis
758 3720 787 3769 in
805 3719 923 3770 hnmana
941 3719 1026 3769 forma
1046 3733 1114 3788 equo
1134 3717 1211 3782 nigro
1230 3718 1270 3768 in·

149 3791 249 3846 sidens.
287 3794 390 3857 Quibus
409 3796 535 3845 timore
554 3793 747 3860 perculsis,
765 3793 799 3842 id
824 3792 915 3859 qnod
940 3791 1128 3843 videbatur
1153 3789 1188 3840 ad
1213 3805 1270 3842 eos·

151 3864 224 3916 dem
244 3867 418 3918 audacter
437 3868 627 3928 accedens,ne
648 3867 910 3933 pertimescant,
927 3866 1056 3916 hortatur.
1093 3863 1270 3915 Teodorieum

151 3939 317 4003 quondam
337 3956 456 4006 regem
469 3942 605 3992 Verona
624 3956 653 3991 se
672 3941 793 3991 nominat
812 3945 845 3990 et
864 3940 1024 3990 diversas
1045 3937 1270 3989 calamitates

151 4017 185 4062 et
203 4013 365 4064 miserias
384 4019 663 4081 superventuras
682 4013 849 4064 universo
868 4015 1017 4064 Romano
1043 4012 1192 4078 imperio
1212 4010 1271 4062 de·

150 4087 302 4137 nunciat
340 4087 458 4138 Heeet
477 4087 548 4137 alia
567 4086 664 4153 plura
684 4102 755 4138 cum
776 4085 905 4138 eisdem
926 4085 1089 4151 eontulit,
1112 4088 1146 4134 et
1164 4083 1204 4134 ab
1220 4085 1271 4134 eis

149 4158 331 4223 recedens,
346 4176 415 4231 equo
431 4177 484 4226 quo
498 4159 762 4212 sedebatMosellam
775 4161 899 4212 transivit
914 4166 941 4211 et
960 4159 999 4210 ab
1019 4155 1133 4209 oeulis
1153 4173 1270 4208 eornm

151 4233 305 4283 evanuit.

150 4339 173 4392 a)
189 4341 329 4381 Bouardtsm
346 4342 395 4383 Bl.
441 4341 465 4395 b)
480 4344 536 4384 deest
552 4345 593 4386 01.
639 4342 660 4395 a)
677 4344 846 4384 devoraverunt
863 4365 889 4374 -
906 4351 1027 4390 emergens
1043 4339 1149 4379 homines
1164 4339 1207 4380 dea.
1223 4338 1272 4382 At.

151 4397 175 4450 (1)
192 4410 262 4440 cauas
273 4405 325 4450 post
339 4411 397 4443 carr.
415 4413 508 4444 eausam
524 4405 566 4445 02.
576 4401 634 4455 =a)
648 4403 699 4442 tace
713 4403 790 4441 duom
806 4401 850 4453 02,
866 4401 924 4440 linea
939 4411 985 4439 aaa
1001 4409 1073 4439 erasa.
1125 4395 1144 4449 s)
1160 4397 1215 4438 aaut
1231 4399 1271 4440 01.

150 4457 175 4510 ε)
192 4459 345 4500 waldemarus
361 4463 405 4502 01.
466 4459 491 4513 h)
504 4468 555 4512 pose
570 4463 641 4512 suppa
657 4461 677 4500 Β
687 4464 708 4515 1,
724 4462 779 4500 aaut
796 4461 841 4503 cl.
902 4459 920 4511 l)
937 4469 989 4500 ram
1004 4468 1062 4498 corr.
1078 4466 1158 4496 rumor
1173 4457 1220 4497 131.
