3126 4976
275 375 311 426 84
430 371 618 426 ennomus
637 370 752 424 uuum
771 369 1017 423 COLONIENSIS
1036 371 1069 422 Δ.
1092 371 1171 422 1147.
1192 371 1273 423 1148.

630 543 796 596 Receasio
816 544 842 596 Ι.
862 545 957 598 codd.
977 545 1011 598 A.

273 631 468 698 lissimamS
492 631 540 695 rie
555 630 678 711 urbem,
697 627 781 695 bello
879 631 943 695 essi
965 640 1070 710 sunt¹,
1085 628 1321 708 ubiAdolfusl,
1337 627 1425 694 lor.

273 718 417 782 tissimus
438 737 458 778 a
481 713 635 796 olescens,
656 712 742 780 filius
751 713 826 779 Ado
868 724 882 756 ³
904 715 1031 779 comitis
1053 714 1093 778 de
1114 715 1230 862 Bffiff'
1252 710 1399 796 infatiga-

274 800 381 866 biliter
402 798 474 865 cedi
502 798 750 862 sarracenorum
776 799 899 864 instans
921 799 1046 862 occisus
1068 808 1125 863 est.
1203 809 1217 864 t
1238 819 1312 863 cum
1333 797 1399 858 iam

275 885 388 948 civitas
410 883 444 946 in
465 904 579 946 manus
600 883 686 967 regis
701 881 842 947 Conradi
864 882 1020 948 tradenda
1042 893 1135 964 esset,
1157 883 1295 968 perfidia
1314 880 1400 945 Iero-

275 967 529 1032 solimitanorum
551 976 583 1031 et
605 964 806 1052 quorundam
827 967 933 1052 princi
957 988 1012 1030 um
1034 967 1176 1031 avaricia
1200 965 1335 1047 seducti,
1357 961 1399 1028 ab

275 1073 314 1116 ea
335 1051 403 1114 sine
424 1050 560 1115 victoria
581 1051 766 1116 continuere
781 1072 904 1114 manus.
934 989 1054 1115 1llitata
1074 1060 1106 1116 et
1119 1048 1241 1136 repleta
1254 1059 1303 1115 est
1316 1059 1401 1114 terra

274 1155 477 1284 paganorum
505 1133 546 1198 de
576 1132 686 1219 spoliis
715 1143 747 1198 et
771 1134 879 1216 armis,
901 1156 964 1221 que
986 1135 1174 1212 aldemano
1196 1134 1341 1200 exercitu
1366 1132 1401 1196 in

297 1240 336 1282 ao
364 1217 570 1305 expeditione
598 1227 759 1303 cepemmt.
810 1218 899 1302 Ergo
927 1219 1003 1305 quia
1030 1219 1145 1301 omnia,
1174 1241 1237 1305 que
1264 1218 1324 1283 hac
1346 1217 1401 1280 via

277 1312 368 1388 gesta
390 1312 473 1380 sunt,
496 1301 592 1387 plena
601 1303 627 1343 ⁸*
639 1312 713 1366 sunt
726 1301 831 1366 luctus
846 1311 878 1366 et
892 1303 1039 1368 miseriae
1054 1312 1086 1368 et
1104 1301 1222 1366 nullius
1235 1302 1400 1382 victoriae,

274 1385 390 1451 melius
412 1395 460 1450 est
480 1386 555 1450 inde
583 1384 676 1450 silere
709 1396 741 1451 et
769 1386 914 1451 Romano
936 1389 1092 1472 parcerel
1113 1386 1230 1472 pudori
1250 1407 1311 1451 nec
1339 1395 1401 1451 tra-

276 1469 352 1534 dere
374 1470 549 1556 cognitioni
570 1470 761 1534 futurorum.

593 1553 683 1642 [Dec
703 1552 928 1620 Ulixibona
950 1555 1093 1642 capta]

159 1663 215 1714 sps.
232 1663 267 1703 ar.
354 1639 435 1702 Per²
458 1638 544 1702 idem
566 1647 693 1724 tempus
715 1639 772 1702 in‘l
799 1647 914 1703 octava
934 1639 1083 1724 paschae,
1106 1660 1189 1725 quae
1210 1638 1273 1703 fuit
1283 1639 1313 1704 5.
1325 1635 1399 1702 Kal.

176 1759 266 1800 1400,
275 1721 352 1804 Mai,
374 1723 476 1786 movit
497 1722 657 1787 exercitus
687 1721 810 1786 navalis
840 1721 880 1787 de
902 1720 1047 1805 Colonia,
1069 1731 1101 1787 et
1124 1722 1197 1788 13³¹
1219 1721 1291 1787 Kal.
1314 1721 1401 1786 Iunii

276 1816 433 1870 venerunt
453 1807 488 1869 in
509 1815 638 1905 portum
660 1804 807 1892 Angliae,
834 1805 890 1870 ubi
921 1807 1071 1870 comitem
1101 1805 1141 1871 de
1165 1806 1303 1870 Arsooth
1326 1827 1400 1869 cum

277 1889 341 1954 200
361 1888 428 1954 fere
449 1890 587 1954 navrbus
608 1900 674 1955 tam
702 1889 883 1976 Anglorum
913 1912 1009 1988 quam
1038 1890 1285 1955 Flandrensium
1314 1891 1401 1955 inve-

178 1991 232 2031 roa.
249 1983 403 2038 suerunt.
436 1973 564 2039 Deinde
585 1974 619 2037 in
640 1983 768 2058 portum
779 1975 969 2060 Hyspamae
991 1975 1167 2049 venientes,
1189 1977 1219 2038 6.
1233 1974 1313 2038 feria
1328 1982 1401 2039 ante

278 2066 486 2206 pentecosten
507 2059 542 2122 in
562 2067 692 2144 portum
716 2056 853 2124 Galitiae
875 2059 1131 2157 applicuerunt0,
1161 2059 1216 2145 qui
1244 2066 1355 2144 portus
1382 2079 1402 2120 a

304 2151 398 2206 aucto
421 2142 562 2208 lambos
583 2152 654 2207 ooto
676 2141 854 2206 miliaribus
876 2141 982 2207 distat.
1026 2142 1079 2207 Ad
1103 2143 1195 2206 cuius
1219 2140 1401 2208 venerabile

174 2241 226 2284 Iun.
248 2225 483 2312 rsepmehrum
519 2227 553 2289 in
586 2225 697 2311 vigilia
728 2236 935 2312 pentecosten
961 2228 1135 2309 venientes,
1163 2236 1306 2292 sanctam
1341 2223 1401 2291 sol-

172 2337 227 2379 nm.
245 2308 497 2395 slempnitatem
527 2319 714 2395 exegerunt.
771 2309 898 2374 Deinde
920 2333 978 2395 per
1006 2310 1132 2376 alveum
1170 2309 1309 2400 fluminis
1345 2311 1401 2396 qui

278 2419 480 2426 “W“
608 2452 775 2504 aecsnsro
794 2454 836 2505 11.
858 2455 957 2506 eoas.
976 2455 1012 2506 Β.
1033 2453 1061 2507 o.

277 2551 345 2596 runt.
385 2543 477 2596 Solum
496 2543 670 2604 Damascum,
689 2544 882 2597 nobilissimam
903 2549 1019 2613 Syriaet
1037 2547 1153 2596 urbemtt
1172 2545 1254 2610 bello,
1280 2546 1402 2612 aggressi

277 2622 348 2683 sunt,
368 2617 415 2667 ubi
424 2611 567 2680 Adolfush,
581 2617 739 2669 fortissimus
753 2618 921 2684 adolescens,
934 2619 1005 2671 filius
1015 2613 1126 2670 Adolfih
1141 2622 1246 2671 comitis
1260 2621 1293 2671 de
1304 2620 1401 2684 Berge,

277 2689 482 2756 infatigabiliter
501 2690 563 2740 cedi
583 2689 788 2742 Sarracenorum
807 2693 910 2745 instans
930 2696 1036 2744 occisus
1057 2701 1105 2744 est.
1143 2693 1179 2743 Et
1205 2709 1265 2743 cum
1290 2695 1344 2742 iam
1364 2693 1402 2742 oi·

277 2765 348 2814 vitas
366 2764 394 2813 in
414 2778 507 2812 manus
523 2763 595 2827 regis
607 2763 724 2815 Ounradi
743 2765 876 2817 tradenda
894 2773 972 2829 esset,
986 2766 1100 2833 perfidia
1110 2764 1401 2818 lherosolimitanorum

279 2841 306 2887 et
326 2835 500 2902 quorumdam
520 2837 670 2902 principum
689 2839 809 2890 avaricia
827 2840 941 2901 seducti,
956 2840 989 2890 ab
1005 2857 1037 2890 ea
1051 2841 1108 2890 sine
1121 2841 1232 2890 victoria
1247 2841 1401 2890 continuere

277 2925 381 2960 manus.
410 2908 504 2959 Ditata
524 2914 551 2959 et
569 2910 674 2976 repleta
692 2917 734 2962 est
753 2918 824 2963 terra
841 2929 1006 2980 paganorum
1028 2914 1062 2964 ds
1077 2911 1171 2978 spoliis
1187 2919 1214 2963 et
1226 2915 1316 2976 armis,
1332 2927 1401 2978 quae

277 2997 294 3032 a
313 2982 433 3032 Romano
461 2983 581 3033 exercitu
604 2985 631 3033 in
656 2984 708 3035 hac
733 2984 909 3052 expedicione
930 2993 1067 3053 ceperunt.
1122 2987 1193 3052 Ergo
1220 2988 1283 3053 quia
1303 2988 1402 3048 omnia,

278 3070 330 3122 que
349 3055 401 3106 hac
420 3056 465 3104 via
484 3061 562 3120 gesta
580 3062 649 3120 sunt,
670 3057 751 3123 plena
769 3064 831 3109 sunt
849 3059 936 3111 luctus
951 3066 978 3111 et
990 3062 1096 3112 miserie
1113 3066 1140 3114 et
1151 3058 1250 3111 nullius
1263 3060 1401 3122 victoriae,

279 3128 374 3178 melius
395 3134 457 3179 estt
475 3128 539 3179 inde
559 3129 638 3180 silere
659 3132 816 3183 etRomano
829 3148 940 3200 parcere
953 3133 1050 3200 pudori
1062 3151 1114 3188 neo
1127 3133 1234 3186 tradere
1254 3133 1402 3198 cognitioni

277 3196 449 3252 futurorumi.

351 3274 493 3324 Paridem
513 3281 617 3342 tempus
636 3277 664 3326 in
684 3283 780 3329 octava
798 3277 924 3345 paschae,
945 3295 1014 3346 quae
1033 3281 1084 3333 luit
1103 3282 1129 3334 ὅ.
1150 3279 1210 3330 Kal.
1230 3279 1295 3340 Mai,
1319 3279 1402 3350 moyit

278 3349 411 3399 exercitus
437 3349 542 3399 navalis
566 3350 600 3399 de
628 3349 749 3414 Colonia,
776 3356 804 3402 et
831 3348 898 3402 13.k
918 3353 979 3404 Kal.
1004 3353 1076 3405 Iunii
1095 3357 1226 3406 venerunt
1249 3353 1277 3402 in
1296 3356 1401 3418 portum

277 3421 401 3485 Angliae,
420 3423 466 3472 ubi
486 3421 666 3473 comitem‘de
684 3424 798 3474 Arsooth
820 3441 879 3475 cum
899 3425 953 3475 200
972 3426 1027 3477 lere
1048 3429 1160 3480 navibus
1180 3431 1235 3476 tam
1254 3423 1401 3491 Anglorum

278 3509 359 3560 quam
379 3493 585 3546 Flandrensium
604 3497 772 3548 invenerunt.
799 3499 907 3550 Deinde
926 3501 954 3549 in
974 3507 1078 3565 portum
1092 3501 1231 3568 Hyspanie
1250 3500 1400 3561 venientes,

279 3569 306 3624 6,
329 3567 397 3618 feria
415 3575 477 3618 aute
498 3575 672 3633 pentecosten
695 3571 723 3620 in
742 3577 846 3636 portum
867 3569 1002 3623 Galioiael
1028 3575 1223 3642 applicuerunt,
1244 3574 1290 3638 qui
1309 3577 1401 3638 portus

278 3655 295 3690 a
314 3640 413 3691 Sancto
432 3641 534 3691 Iacobo
553 3647 616 3692 octo
630 3643 777 3694 miliaribus
789 3645 879 3696 distat.
908 3646 950 3697 Ad
968 3649 1043 3699 cuius
1059 3646 1213 3701 venerabile
1231 3645 1401 3712 sepulchrum

278 3716 307 3764 in
335 3712 430 3777 vigilia
457 3719 633 3780 pentecosten
665 3718 814 3778 venientes,
849 3725 969 3770 sanctam
999 3720 1225 3788 sollempnitatem
1245 3723 1401 3786 exegerunt.

278 3785 412 3838 Deindem
432 3803 480 3851 psr
511 3787 616 3838 alveum
635 3790 751 3841 fluminis
771 3792 816 3856 qui
835 3791 925 3855 Tagus
950 3792 1050 3846 dicitnr
1080 3797 1221 3856 intrantes,
1247 3795 1275 3843 in
1306 3790 1402 3856 vigilia

278 3929 467 3982 s)Adholl.At.
494 3927 903 3987 a*)p1.s.ma.sa.e)psroesn
934 3935 1117 3990 effundenda.
1149 3939 1294 3993 dmum.
1324 3935 1403 3988 e)sp··

279 3989 426 4041 plicaverunt
441 3983 488 4033 At.
521 3989 663 4042 0apostolo
679 3993 728 4033 aad.
744 3994 792 4034 Al.
808 4009 837 4030 .-.-.
854 3992 878 4047 g)
893 3996 949 4036 deest
965 3997 1011 4040 02.
1043 3997 1067 4051 h)
1083 4000 1179 4042 Adholt.
1197 3999 1240 4040 01,
1270 3996 1288 4048 1)
1304 3997 1402 4036 Franco·

282 4059 334 4088 rum
350 4049 387 4092 01.
420 4048 490 4101 1014.
507 4048 548 4091 oa.
580 4047 597 4102 l)
615 4051 706 4092 Galatis
723 4052 884 4104 015Gallatie
896 4055 938 4098 01.
969 4053 1002 4108 m)
1017 4059 1079 4099 Dein
1095 4060 1144 4099 Bt.

281 4141 310 4209 1)
329 4160 355 4194 a.
378 4144 456 4208 1148,
474 4163 509 4196 m.
529 4145 610 4198 Iulio.
649 4147 678 4214 2)
697 4148 773 4200 Haec
792 4159 879 4201 sumta
898 4159 961 4202 sunt
980 4168 1014 4202 cx
1033 4153 1162 4205 relatione
1174 4153 1280 4219 quolam
1299 4149 1401 4201 cuilibet

279 4214 391 4282 epistola
409 4215 523 4286 Arnulfi,
543 4219 673 4282 Murteae,
694 4221 757 4272 Ootl.
778 4223 803 4285 1,
812 4240 840 4288 p.
852 4223 914 4274 800.
935 4224 1017 4276 Initio
1037 4243 1100 4278 aero
1120 4225 1205 4294 magis
1218 4242 1277 4276 eum
1289 4222 1323 4274 iis
1340 4239 1400 4275 con-

279 4290 389 4341 ueniunt
407 4307 476 4357 quoe
494 4289 566 4344 Ana.
578 4293 711 4361 Mugdeb,
723 4292 775 4347 Sd.
786 4295 866 4359 XVI,
871 4314 903 4363 p.
915 4298 976 4359 189,
990 4314 1023 4349 aa
1042 4299 1125 4350 simili
1136 4300 1216 4366 fonte
1235 4298 1397 4360 hauserunt3

279 4362 314 4430 ef.
333 4361 413 4416 etiam
436 4365 574 4432 epistolam
598 4367 748 4421 Annalibus
767 4367 796 4421 0.
815 4368 947 4435 Disibodi,
967 4369 1017 4424 Sd.
1037 4372 1134 4438 XVII,
1149 4390 1181 4442 p.
1201 4373 1246 4436 2⁷,
1264 4371 1401 4423 insertam.
