2988 5058
299 343 353 393 364
510 341 665 394 MARTINI
685 341 932 394 CONTINUATIO
952 340 1206 394 COLONIENSIS.

383 505 557 572 Adelberto
579 529 656 591 rege
672 508 789 590 occiso,
835 508 974 607 rincipes
987 507 1160 573 Germania
1182 511 1218 572 in
1239 507 1464 574 eleccione³

299 591 541 667 concordantes,
572 591 763 655 Heinricum
782 531 874 658 Vlll.
897 591 970 657 dive
999 593 1163 674 memorie,
1196 593 1387 658 comitem
1424 593 1463 658 de

299 675 507 760 Luzlinburg,
528 676 563 739 in
583 697 693 760 regem
715 673 852 760 eligrmt5
875 677 930 764 qui
945 675 986 740 ab
1002 676 1155 741 Heinrico
1175 677 1461 763 archiepiscopo

300 759 485 826 Coloniensi
495 758 693 844 Aquisgrani
714 769 831 826 unctus
852 760 886 823 in
900 783 1021 846 regem,
1043 761 1189 844 regnavit
1209 763 1460 848 nonagesimo

299 845 397 910 tercio
432 841 504 907 loco
539 842 580 906 ab
613 844 772 926 Augusto·
826 843 891 909 Hic
926 844 1169 930 predecessores
1206 867 1304 928 suos,
1350 867 1458 931 reges

299 927 450 993 videlicet
471 925 625 991 Adolfum
652 937 685 992 et
705 925 926 1011 Adalbertnm,
958 930 992 993 in
1017 927 1089 993 loco
1116 929 1293 994 occisionis
1324 951 1456 994 eorun-

300 1011 374 1078 dem
410 1010 583 1076 tumulatos
620 1009 716 1076 effodi
751 1011 843 1076 iussit
879 1022 911 1077 et
942 1012 1048 1098 Spire·
1072 1011 1248 1078 honorifice
1297 1013 1456 1080 tradidit

192 1083 289 1183 92³2}
301 1096 474 1183 sepulture.
517 1095 583 1160 Hie
615 1096 718 1159 eciam
754 1116 837 1159 anno
869 1096 1004 1160 Domini
1037 1098 1149 1162 1310.1
1185 1097 1219 1161 in
1252 1100 1453 1164 nativitate

237 1173 243 1183 ’
283 1170 434 1245 'Domini
456 1179 579 1244 curiam
600 1178 798 1264 solempnem
815 1179 949 1245 Oolonie
970 1179 1147 1253 celebrans,
1169 1182 1449 1267 expedicionem

300 1265 500 1362 principibus
522 1265 557 1328 in
571 1262 698 1327 ltaliam
720 1273 820 1330 estate
839 1265 947 1330 futura
968 1264 1094 1330 indixit.
1137 1265 1309 1351 Tempore
1336 1268 1449 1351 igitur

175 1340 223 1440 ζοῐ
237 1339 503 1438 f⁰'·adven1ente,
525 1368 589 1432 quo
611 1368 704 1432 reges
725 1347 768 1412 ad
789 1347 874 1414 bella
896 1349 1071 1434 procedere
1093 1349 1205 1432 solent,
1233 1371 1318 1414 cum
1344 1373 1446 1415 exer-

222 1427 288 1509 },ih
301 1433 367 1497 citu
388 1431 496 1496 valido
517 1429 644 1496 Italiam
666 1429 754 1496 nullo
784 1432 931 1497 obstante
962 1434 1095 1516 intrans,
1117 1433 1298 1500 Brixenses
1326 1457 1350 1498 a
1375 1435 1443 1500 fide

300 1515 484 1581 deficientes
517 1513 682 1581 obsidione
715 1515 881 1581 conclusit.
931 1516 998 1582 Ubi
1029 1526 1152 1582 tantam
1180 1517 1441 1584 multitudinem

297 1600 441 1666 virorum
455 1600 661 1681 adunaverat,
683 1609 836 1684 quantam
856 1602 890 1663 in
904 1599 969 1665 ulla
983 1600 1126 1686 hystoria
1139 1624 1283 1688 unquam
1309 1602 1346 1668 le
1377 1605 1441 1668 'tur

299 1693 540 1770 congregatam.
584 1683 674 1765 Quos
700 1684 831 1748 tandem
849 1695 927 1782 post
955 1684 1079 1771 aliquos
1109 1708 1234 1751 menses
1262 1686 1310 1752 ad
1369 1687 1438 1752 edi·

299 1770 423 1834 cionem
445 1769 623 1854 accipiens,
655 1789 765 1832 muros
795 1769 933 1834 civitatis
961 1769 1105 1834 funditus
1138 1771 1267 1854 evertit,
1302 1772 1437 1836 fossata

299 1851 526 1939 complanavit,
548 1863 580 1918 et
601 1852 647 1916 sie
669 1853 774 1916 victor
795 1863 830 1918 ut
851 1852 974 1918 solebat
995 1855 1030 1917 in
1050 1852 1202 1920 ulteriora
1223 1857 1434 1922 conscendit

298 1937 397 2002 Facta
420 1945 494 2000 sunt
507 1935 627 2001 ibidem
649 1935 747 2002 multe
761 1936 927 2001 hominum
943 1949 1081 2023 stragem
1103 1937 1159 2003 ubi
1175 1950 1207 2003 et
1221 1939 1432 2023 Walramus,

298 2020 396 2086 frater
415 2021 511 2106 regis,
540 2019 669 2101 interiit,
699 2030 731 2085 et
757 2020 811 2084 alii
833 2043 932 2106 quam
954 2021 1062 2107 plures
1094 2045 1136 2088 ex
1164 2033 1303 2108 utraque
1334 2035 1431 2111 parte

298 2105 358 2168 viri
390 2105 535 2170 strennui
568 2106 726 2169 consumti
758 2115 841 2170 sunt.
895 2105 1074 2171 Mortalitas
1107 2107 1208 2171 eciam
1240 2109 1352 2172 nimia
1387 2131 1429 2173 ex

298 2199 450 2274 corrupto
477 2211 551 2253 aere
576 2186 698 2253 ibidem
727 2188 863 2254 invaluit
893 2198 925 2254 et
952 2189 1069 2254 multos
1097 2191 1267 2256 interemit.
1320 2193 1427 2258 Hein-

297 2272 382 2336 rieus
405 2294 533 2360 quoque
555 2295 614 2338 rex
632 2271 840 2338 adulteriora
860 2274 1082 2340 contendendo
1104 2275 1233 2340 tandem
1247 2276 1291 2340 ad
1305 2275 1426 2343 urbem

297 2356 477 2420 Romanam
492 2357 650 2442 pervenit3
673 2357 720 2421 ibi
734 2379 776 2422 ex
797 2358 937 2422 iussione
954 2357 1075 2422 domini
1089 2381 1173 2444 pape
1189 2358 1372 2426 Clementis
1384 2362 1424 2427 V.

297 2441 331 2503 in
352 2439 561 2507 Lateranensi
583 2441 719 2506 ecclesia
740 2463 760 2504 a
781 2441 998 2508 cardinalibus
1019 2445 1053 2506 in
1073 2443 1125 2507 die
1144 2444 1315 2513 beatorum
1332 2447 1423 2512 Petri
1469 2431 1471 2468 l

186 2525 330 2626 „,}⁸{}·0l
350 2524 442 2589 Pauli
467 2524 687 2611 apostolorum
713 2527 747 2589 in
773 2526 993 2591 Romanorum
1025 2528 1251 2627 imperatorem
1280 2529 1422 2618 solemp-

174 2667 178 2682 Ι
233 2613 239 2625 ’
280 2610 381 2673 'niter
410 2616 458 2673 est
486 2619 666 2674 coronatus.
708 2610 846 2675 Romani
876 2633 954 2676 vero
985 2609 1115 2677 altanus
1142 2611 1298 2677 sancionis
1330 2638 1420 2680 exer-

298 2694 397 2757 eitum
419 2694 620 2778 imperatoris
642 2716 685 2757 ex
705 2695 881 2779 improviso
903 2695 1100 2777 invadentes,
1123 2694 1249 2783 aliquos
1271 2720 1314 2762 ex
1337 2701 1419 2786 ipsis
1470 2761 1471 2768 ,

299 2775 551 2859 obtruncabant3
585 2777 673 2862 quod
694 2777 752 2842 ubi
772 2779 919 2862 innotuit,
941 2779 1056 2865 reliqui
1084 2780 1124 2846 de
1146 2782 1292 2846 exercitu
1317 2783 1419 2870 impe·
1470 2793 1471 2860 Ῑ

296 2861 413 2925 ratoris
435 2883 523 2924 arma
537 2871 705 2926 assumunt
726 2871 758 2926 et
771 2863 934 2928 Romanos
948 2863 1096 2930 ferociter
1116 2865 1299 2930 invadendo
1321 2868 1418 2934 inter·
1469 2881 1471 2946 l

298 2945 420 3025 ficiunt,
451 2943 670 3032 submergunt,
697 2947 743 3010 ita
764 2956 801 3010 ut
844 2946 893 3010 lus
916 2970 1013 3033 quam
1035 2947 1166 3014 ducenti
1192 2949 1239 3014 ibi
1261 2951 1418 3016 cecidisse
1470 2955 1471 3030 ξ

297 3028 483 3094 referantur.
526 3028 578 3094 Ibi
607 3031 716 3116 episco
741 3052 779 3095 us
835 3029 1016 3096 eodiensis²
1049 3042 1081 3097 et
1112 3033 1214 3099 abbas
1233 3033 1417 3101 Wizinbur-
1470 3053 1471 3056 ’

297 3113 426 3198 gensis⁸
441 3123 474 3178 et
487 3113 585 3200 aliqui
600 3117 661 3180 viri
675 3053 827 3179 militares
842 3139 884 3180 ex
898 3125 989 3200 parte
1003 3117 1204 3202 imperatoris
1220 3118 1416 3188 ceciderunt.

381 3197 444 3262 Per
464 3197 551 3263 idem
573 3209 699 3284 tempus
720 3197 891 3285 Philippus
917 3223 976 3264 rex
998 3202 1134 3265 Francia
1161 3209 1192 3266 et
1218 3225 1277 3268 rex
1299 3204 1415 3290 Anglie

298 3280 454 3368 multique
489 3284 593 3368 princi
619 3305 652 3347 es
689 3293 721 3348 et
756 3284 893 3348 barones
932 3283 1176 3369 expedicionem
1213 3287 1248 3350 in
1282 3287 1413 3354 Terram

299 3365 452 3432 Sanctam
483 3376 558 3452 post
578 3306 701 3452 aliquot
722 3388 823 3432 annos
856 3378 968 3432 contra
991 3367 1185 3435 Sarracenos
1219 3370 1410 3438 indixerunt

298 3450 371 3532 Quo
394 3448 546 3515 soldanus
568 3451 689 3533 audito,
719 3451 849 3515 domino
878 3474 921 3537 pa
947 3474 964 3514 e
987 3451 1145 3518 Clementi
1168 3453 1208 3518 V.
1236 3455 1410 3522 subiectam

298 3533 466 3620 epistolam
487 3537 672 3616 transmisit,
693 3537 726 3599 in
748 3535 832 3599 hunc
853 3558 906 3600 mo
930 3558 985 3598 um
1007 3538 1235 3603 continentem:

383 3619 623 3708 [Waradacbl]
647 3620 805 3686 soldanus
827 3621 877 3684 eth
902 3621 1019 3686 archos
1036 3623 1299 3704 Babiloniarum,
1318 3623 1407 3690 Assi-

296 3705 434 3784 m'orum,
470 3703 773 3786 Samaritanorum,
809 3705 1061 3792 Epyptioruw,
1097 3705 1410 3792 Alemandrinorum,

296 3787 505 3870 Parthorum,
516 3787 769 3871 Elamitaramd,
788 3788 1055 3872 Cilicinnoraw,
1070 3791 1295 3873 Enteroramf,
1315 3793 1408 3859 Indo-

297 3893 381 3954 rum,
402 3871 613 3954 Persarumss,
629 3873 808 3955 Medorum,
823 3873 1125 3959 Brapmanoruml,
1141 3875 1408 3960 Sandanoruml,

297 4029 321 4085 a)
337 4033 466 4076 ellecclona
480 4047 499 4076 ο.
562 4033 587 4088 b)
602 4037 657 4076 deest
672 4047 692 4079 c.
751 4035 772 4088 c)
788 4037 925 4086 Engtornm
940 4048 958 4077 a.
1019 4035 1042 4089 d)
1058 4037 1211 4080 Elemitarnm
1228 4040 1248 4084 2.
1309 4038 1330 4092 e)
1346 4041 1410 4083 Clito·

297 4103 380 4133 norum
398 4095 419 4134 2.
464 4093 639 4146 oenterlomm
655 4107 673 4138 a.
726 4093 750 4148 g)
766 4096 830 4138 Pers.
845 4096 906 4136 Med.
921 4096 964 4137 dea.
978 4107 996 4138 a.
1049 4095 1408 4151 h)13ragan0rnmpoahs.a;

296 4151 483 4201 Dragmsnornm
498 4155 520 4195 8.

297 4283 327 4425 {3
347 4281 491 4426 gossputat
514 4292 602 4338 noster
630 4303 733 4338 annam
761 4304 779 4338 a
808 4286 949 4339 nativitate
975 4285 1084 4340 carati.
1178 4287 1207 4350 2)
1237 4289 1407 4346 lheobaldus.

373 4375 386 4410 e
434 4375 485 4412 rus.
