3102 4978
435 399 623 452 ennomus
642 388 755 454 anem
775 395 1027 454 concarnnsrs.
1163 389 1166 396 ’
1274 407 1291 456 a

243 571 418 623 fundamenta
443 573 573 640 Capitolii
596 575 671 635 iecit,
697 576 769 640 quod
795 581 889 641 postea
916 582 1096 628 constructum
1123 593 1140 628 a
1164 579 1293 632 Romanis

169 660 250 695 unum
272 645 305 696 de
324 651 427 712 septem
447 647 613 699 mirabilibus
633 648 726 699 mundi
743 649 802 699 fuit.
840 650 909 700 Nam
928 652 1015 716 ipsum
1029 651 1191 718 Capitolium
1204 681 1240 690 —
1256 681 1292 691 —-

170 719 306 775 destinare
327 719 465 771 deberent.
502 719 606 787 (Beda)
628 721 670 772 De
691 723 706 771 7
726 719 906 773 mir-..manda

133 797 138 804 '
242 793 328 843 Huius
348 795 511 860 temporibus
532 795 637 860 Sybilla
655 795 766 846 Erictea
786 821 820 831 --
842 823 874 832 --
895 796 976 847 idolis
997 800 1133 849 conuenit.
1154 797 1167 847 t

244 864 363 916 Glaucus
383 867 417 917 de
437 867 513 918 Ohoo
534 895 567 904 -
589 895 623 904 -
644 869 816 932 excogitavit.
856 869 927 920 Petr.
948 868 1016 920 Gom.
1038 869 1089 934 IV,
1108 873 1170 921 33:

243 939 371 990 Decessit
389 945 478 991 autem
498 941 586 992 Numa
606 967 640 978 -
661 969 695 980 -
715 943 809 992 urbem
829 942 974 1007 ampliavit.
1013 943 1092 994 Paul.
1111 944 1149 994 H.
1168 944 1202 996 B.

242 1013 283 1062 Eo
303 1017 423 1079 tompore
443 1013 547 1078 Sybilla
566 1013 667 1064 Erofila
680 1043 714 1054 -
729 1015 916 1067 —ebulliunt
948 1015 1020 1068 Petr.
1036 1015 1103 1068 Gom.
1120 1016 1141 1065 Ι
1144 1017 1173 1080 17,
1188 1019 1232 1069 33.
1246 1019 1291 1069 32.

242 1085 304 1135 Η55
322 1093 443 1153 tempore
463 1089 626 1152 Byzantium
646 1115 682 1126 -
701 1115 737 1124 -—
756 1103 820 1157 rege
840 1090 969 1140 subversa
990 1095 1038 1140 est.
1075 1090 1154 1140 Paul.
1174 1090 1212 1144 H.
1232 1091 1266 1141 R.

242 1159 341 1209 Finit
360 1161 482 1226 quinta
502 1167 575 1212 etas
594 1162 726 1212 habens
746 1177 853 1212 annos
873 1162 936 1213 588.

242 1233 310 1282 Nam
332 1233 375 1282 19.
396 1249 466 1284 anno
479 1234 728 1288 Nabuchodonosor
742 1263 776 1270 -
790 1251 886 1301 -pro
907 1251 939 1286 eo
953 1242 1106 1302 exponeret.
1135 1235 1207 1288 Patr.
1219 1236 1289 1288 Com.

242 1306 377 1357 Reversus
397 1312 486 1357 autem
506 1313 649 1374 pastor-
674 1335 702 1344 —
726 1309 821 1358 mulier
840 1311 956 1375 accepit,
994 1307 1090 1360 Iastia.
1110 1308 1133 1371 I,
1154 1311 1180 1358 4.

244 1377 335 1429 allusit
354 1382 379 1428 ei
397 1386 535 1446 tamquam
553 1381 598 1431 diu
611 1387 675 1432 noto
696 1409 729 1420 --
751 1409 784 1418 -—
806 1381 839 1431 de
855 1398 938 1446 regno
952 1398 1102 1448 puerorum.
1134 1381 1205 1434 Petr.
1220 1382 1290 1434 Com.

245 1451 369 1520 Getarum
388 1454 497 1520 Arpago
518 1481 554 1490 -
572 1455 719 1505 -Lectis
745 1454 791 1504 ille
819 1455 939 1521 epistolis
965 1461 1131 1522 congregata
1150 1457 1291 1507 Persarum

168 1541 249 1576 mann
269 1525 368 1576 bellurn
389 1543 439 1578 avo
459 1527 565 1578 indicit.
604 1526 701 1578 Iastia.
726 1527 746 1590 Ι,
767 1528 793 1578 5.

243 1599 325 1649 Porro
344 1602 478 1665 Astyages
499 1629 533 1638 —
555 1628 587 1638 -
609 1617 691 1652 causa
711 1608 738 1652 et
756 1603 832 1666 origo
850 1601 908 1651 fuit.
951 1599 1023 1652 Oros.
1043 1600 1067 1665 I,
1089 1603 1131 1653 15.

242 1671 329 1736 Igitur
349 1673 433 1738 Cyrus
452 1675 544 1725 Asiam
564 1701 599 1710 -
620 1701 653 1712 -—
674 1676 834 1741 patrimonio
855 1675 1024 1726 condonavit.
1062 1673 1127 1725 ibid.
1147 1674 1188 1737 II,
1210 1676 1235 1724 6.

244 1745 337 1810 Cyrus,
357 1748 470 1797 subacta
482 1747 556 1812 Asya
575 1775 607 1784 -
631 1775 663 1784 -
684 1749 819 1813 Regnavit
833 1748 917 1813 Cyrus
937 1749 1014 1798 annis
1033 1749 1077 1799 30.
1113 1747 1209 1798 Iastia.
1224 1747 1247 1810 I,
1263 1749 1289 1800 8.

242 1819 276 1868 In
286 1819 364 1870 huius
375 1835 444 1870 anno
455 1822 540 1887 primo
551 1823 693 1872 suscitavit
704 1849 736 1858 -
748 1847 784 1858 -
794 1837 842 1887 per
851 1837 945 1871 manus
956 1821 1115 1872 Zorobabel.
1136 1821 1208 1872 Petr.
1220 1819 1289 1873 Com.

241 1893 309 1942 Post
327 1893 379 1943 hec
392 1894 491 1944 Darius
506 1895 605 1946 Scithis
618 1921 654 1932 -
669 1921 701 1932 -·
716 1893 788 1944 unde
809 1893 880 1944 dicte
899 1897 1057 1945 Amazones.
1096 1893 1193 1946 Iastia.
1207 1893 1247 1956 ΙΙ,
1263 1896 1288 1945 2.

241 1967 343 2015 Harum
355 1967 406 2016 due
417 1967 491 2017 inere
501 1969 594 2032 regine
605 1995 639 2004 -
651 1995 684 2004 —
697 1967 883 2018 constituendo
893 1974 1043 2018 tenuerunt.
1067 1965 1140 2018 Oros.
1153 1966 1176 2030 I,
1189 1969 1232 2019 15.
1245 1969 1288 2019 16.

241 2039 327 2103 Igitur
339 2040 438 2090 Darius
451 2047 593 2106 postquam
606 2041 730 2105 Assyrios
747 2069 775 2078 -
792 2067 828 2077 -
841 2046 1016 2091 memoratum
1030 2043 1073 2091 sit.
1096 2040 1160 2090 ibid.
1173 2040 1213 2100 ΙΙ,
1225 2042 1250 2093 8.
1261 2042 1287 2092 9.

241 2113 366 2178 Denique
399 2120 462 2164 ante
495 2116 705 2181 experimentum
738 2142 773 2152 —
806 2139 839 2149 —-
874 2115 1015 2164 Persarum
1048 2113 1203 2164 dimicatum
1238 2119 1287 2166 est.

167 2184 265 2236 Iastia.
284 2184 326 2248 ΙΙ,
348 2187 391 2236 10.
413 2187 456 2238 11.

241 2260 342 2320 Quarto
362 2266 450 2310 autem
471 2260 515 2310 die
537 2289 569 2297 —
589 2287 626 2297 -—
645 2263 743 2311 mutuis
764 2259 875 2310 cedibus
894 2261 956 2311 suis.
1000 2257 1074 2310 Oros.
1094 2258 1135 2319 II,
1155 2260 1179 2309 9.

242 2333 385 2398 Sparthani
398 2339 540 2400 postquam
553 2351 644 2400 regem
658 2361 693 2370 -
708 2361 738 2370 —-
756 2339 878 2384 catervas
892 2333 1058 2384 occiderunt.
1080 2331 1179 2382 Iastia.
1191 2331 1231 2395 ΙΙ,
1245 2333 1287 2382 11.

239 2407 342 2456 Xerxes
362 2407 403 2456 his
422 2409 502 2458 victis
523 2435 555 2444 —
575 2435 612 2445 -
633 2408 725 2459 domos
745 2407 907 2457 dilabuntur.
949 2405 1023 2457 Oros.
1043 2404 1085 2466 ΙΙ,
1106 2406 1148 2455 10.

241 2477 301 2529 Hac
322 2479 399 2529 clade
419 2480 570 2548 perculsum
591 2509 624 2518 -
645 2507 680 2518 ·-
699 2481 808 2532 Abitum
829 2479 981 2542 contendit3
1008 2477 1107 2530 Iastia.
1126 2477 1167 2541 ΙΙ,
1188 2480 1231 2529 13.

240 2553 287 2603 ubi
307 2559 416 2618 pontem
432 2553 516 2604 veluti
533 2557 620 2605 victor
641 2581 672 2592 -
695 2582 728 2591 —
748 2554 868 2620 trepidus
887 2555 1000 2604 transiit.
1041 2549 1115 2604 Oros.
1135 2550 1176 2614 11,
1198 2553 1241 2602 10.

239 2627 305 2676 Erat
314 2642 357 2677 res
367 2627 523 2692 spectaculo
534 2627 617 2692 digna
627 2655 661 2664 -
675 2655 705 2664 —
718 2628 832 2678 victoria
841 2628 995 2677 nunciatum
1006 2627 1050 2678 sit.
1079 2624 1177 2676 Iastia.
1189 2623 1230 2683 ΙΙ,
1244 2626 1287 2676 13.

241 2699 344 2750 Xerxes
360 2699 433 2750 bello
452 2703 480 2749 in
494 2701 592 2752 Grecia
608 2729 639 2737 -
656 2728 688 2736 —
705 2701 900 2751 circumventus
920 2699 1061 2750 occiditur.
1098 2697 1171 2749 Oros.
1186 2697 1229 2760 ΙΙ,
1243 2700 1287 2748 11.

241 2771 291 2822 Oui
310 2773 470 2824 Artaxerxes
491 2800 523 2808 -
546 2801 579 2811 -
601 2779 628 2825 51
645 2775 691 2824 115
709 2773 769 2825 finis
788 2775 865 2840 regni
884 2775 1034 2824 Persarum.
1056 2771 1069 2821 1

239 2844 326 2910 Igitur
345 2846 505 2911 Tarquinius
525 2863 572 2896 rex
592 2875 625 2884 -
647 2875 681 2884 -
702 2863 870 2914 corrumpere
889 2847 984 2900 voluit.
1023 2845 1103 2896 Paul.
1122 2843 1159 2895 H.
1179 2843 1213 2896 B.

240 2919 301 2969 Hoc
319 2924 439 2985 tempore
464 2921 615 2987 imperabat
632 2920 720 2972 Medis
739 2921 909 2972 Artaxerxes.
954 2921 1013 2982 Quo
1038 2924 1168 2984 regnante
1187 2918 1288 2998 ljsdras

165 2993 304 3042 incensam
324 2992 412 3057 legem
432 2995 582 3044 renovavit.
620 2993 707 3044 Beda.

238 3065 316 3116 Anno
336 3066 399 3116 338.
419 3067 558 3118 Veietanis
578 3067 770 3118 rebellantibus
790 3093 823 3104 -
848 3094 878 3104 -
900 3067 1050 3133 Torquatus
1069 3067 1220 3116 nominatus
1237 3071 1287 3117 est.

164 3136 246 3188 Paul.
264 3138 303 3189 H.
324 3137 357 3190 R.

239 3211 343 3262 Eodem
362 3218 482 3279 tempore
501 3212 649 3282 Phylippus
667 3229 715 3264 rex
733 3213 911 3264 Macedonum
925 3241 961 3250 -
975 3239 1009 3250 -
1023 3211 1197 3263 adolescente
1215 3213 1286 3262 occi·

165 3300 211 3334 ⁸¹¹⁸
231 3290 279 3336 ⁰⁸t‘
517 3323 564 3372 De
583 3322 777 3373 Alexandro
797 3323 931 3386 Magno.

239 3395 327 3460 Igitur
345 3394 498 3446 Alexander
518 3412 587 3446 anno
610 3424 640 3432 -
661 3423 698 3433 -
717 3402 834 3461 stragem
850 3396 956 3446 facturi.
998 3391 1072 3444 Oros.
1091 3402 1115 3444 et
1133 3391 1231 3444 Iustt'a.

165 3469 215 3518 De
235 3469 389 3518 mirabili
409 3475 533 3519 eventu
545 3469 734 3520 Alexandri
749 3475 782 3519 at
798 3469 963 3536 quomodo
979 3482 1112 3533 veneno
1128 3469 1286 3534 perierit.

239 3542 325 3606 Igitur
343 3541 497 3592 Alexander
522 3543 607 3592 nobili
634 3549 660 3594 et
685 3543 839 3594 multiformi
862 3541 948 3608 preda
972 3545 1081 3592 onustus
1107 3567 1143 3576 -·
1170 3568 1201 3576 -—
1226 3556 1286 3592 cum

90 3618 93 3624 '
164 3614 216 3680 ipsi
235 3614 329 3666 felices
350 3621 446 3666 essent.
484 3613 556 3666 Hist.
575 3614 653 3667 Alea.

239 3689 366 3738 Decessit
374 3689 527 3739 Alexander
536 3689 651 3755 Magnus
664 3717 694 3725 -
706 3717 741 3726 --
751 3687 879 3740 nonnulla
889 3703 1045 3754 apparuere.
1059 3683 1155 3738 Iastia.
1162 3685 1229 3750 XII,
1242 3688 1285 3740 16.

240 3762 311 3810 Dum
333 3763 403 3812 enim
425 3762 571 3829 Phylippus
594 3788 624 3798 -
648 3791 680 3798 -
702 3761 784 3814 celeri
803 3764 957 3829 periturum.

239 3835 280 3884 Ea
300 3836 380 3885 etiam
401 3835 444 3884 die
465 3852 518 3901 qua
536 3841 615 3886 natus
635 3865 670 3874 -
690 3864 724 3874 —
744 3852 797 3886 non
817 3836 973 3886 calcaverit.
1011 3831 1109 3883 Iastia.
1129 3833 1147 3882 l.
1167 3833 1191 3890 1.,

239 3907 326 3972 Igitur
344 3908 499 3959 Alexander
517 3925 565 3975 per
585 3909 618 3956 12
639 3925 722 3960 annos
743 3936 776 3947 ·-
797 3937 825 3945 -
850 3909 994 3974 fregerunt.
1035 3904 1108 3958 Oros.
1129 3904 1188 3968 ΙΙΙ,
1207 3907 1252 3957 13.

166 3979 170 3983 ’
240 3979 280 4030 Eo
299 3986 419 4046 tempore
439 3983 616 4033 Demostenes
636 3989 663 4032 51
680 3983 839 4033 Aristoteles
858 3983 953 4032 famosi
973 3985 1056 4032 erant.
1094 3978 1180 4030 Beda.

241 4053 327 4118 Igitur
341 4054 475 4105 Samnites
489 4055 561 4120 apud
574 4055 711 4107 Caudinas
727 4083 757 4092 -
774 4082 807 4092 -
822 4056 901 4121 Argis
915 4057 1019 4106 occisus
1034 4057 1082 4104 est.
1113 4052 1192 4103 Paul.
1202 4052 1240 4103 H.
1251 4053 1285 4104 B.

15 4157 28 4180 r
132 4169 137 4174 .
243 4125 446 4193 Ouiusapollex
467 4144 480 4178 5
502 4129 595 4180 dextro
614 4129 685 4195 pede
705 4155 738 4166 —-
760 4156 792 4165 -
813 4128 913 4195 templo
926 4126 1052 4178 Dodonei
1064 4125 1137 4178 lovis
1155 4127 1285 4177 conditus

166 4195 295 4265 Loadolf.
314 4200 351 4250 H.
371 4217 406 4250 m.

167 4401 190 4452 a)
206 4402 258 4442 boec
271 4393 296 4442 'ia
310 4415 379 4454 moro.
394 4405 448 4449 odd.
462 4406 482 4444 B
499 4409 518 4445 1.
