3098 4982
286 402 340 451 ast
425 400 613 454 CHRONIOA
627 400 739 452 Ruunt
755 399 1007 453 COLONIENSIS.
1028 401 1131 452 CONT.
1142 401 1190 452 IV.
1211 401 1336 453 l.1224.

370 569 453 634 Item
487 569 559 654 ipso
596 589 681 632 anno
713 567 874 633 lohannes
909 589 968 632 rex
999 567 1274 635 Ierosolimitanus
1311 592 1409 636 causa

287 653 561 738 peregrinacionis
589 650 700 716 limina
729 651 840 717 Sancti
861 652 974 717 Iacobi
1002 653 1124 734 visitat3
1155 655 1207 717 cui
1240 655 1274 718 in
1302 654 1408 720 reditu
1502 699 1508 708 -

287 736 372 800 filia¹
408 737 494 821 regis
523 737 702 822 Hispaniaa
733 735 958 821 desponsatum
992 737 1068 801 inde
1101 737 1263 803 divertens
1295 761 1407 804 versus

289 820 511 902 Teutoniamt,
539 822 627 885 venit
648 821 690 885 ad
712 819 902 884 Heinricum
924 843 1043 907 regem,
1071 820 1173 885 filium
1195 823 1408 908 imperatoris,

289 915 322 969 et
349 927 424 969 eum
454 906 588 970 eodem⁰
617 904 787 970 Coloniam
812 904 985 990 profectus,
1018 904 1059 969 ab
1085 904 1275 991 Engilberto
1305 909 1408 971 arehi-

173 990 443 1075 ruq.1r,episeop0
466 999 498 1054 et
520 1000 587 1055 tota
609 991 737 1053 civitate
758 989 793 1052 in
806 987 918 1074 vigilia
939 991 1174 1076 assumpcionis
1196 989 1290 1056 beate
1305 992 1409 1057 Marie

288 1096 361 1138 cum
383 1095 500 1158 magno
522 1073 642 1138 honore
665 1083 697 1138 et
718 1072 839 1156 gaudio
861 1075 1042 1160 suscipitur.

372 1158 436 1222 Per
456 1157 542 1222 idem
564 1167 692 1244 tempus
715 1157 886 1221 Heinrieus
916 1180 975 1221 rex
1003 1180 1077 1222 eum
1100 1156 1290 1242 Engilberto
1313 1158 1421 1225 Colo·-

287 1243 391 1307 niensi
417 1241 660 1328 archiepiscopo
682 1252 715 1307 et
742 1241 892 1306 Cunrado
916 1241 1022 1328 legato
1044 1242 1128 1308 sedis
1156 1243 1353 1327 apostolicel
1375 1253 1409 1308 et

288 1324 484 1412 quibusdam
505 1326 705 1412 principibus
727 1348 786 1411 pro
808 1325 1003 1391 liberacione
1025 1327 1110 1412 regis
1132 1326 1236 1391 Dacie
1266 1337 1297 1391 et
1317 1328 1408 1392 resti-

288 1410 417 1474 tucione
438 1419 522 1474 terre
544 1411 671 1495 imperii
696 1409 737 1474 ab
760 1409 872 1476 eodem
900 1411 1017 1476 iniuste
1040 1423 1209 1497 possessee
1233 1410 1409 1477 Saxoniam

287 1494 428 1558 intravit.
463 1493 530 1559 Ubi
550 1516 608 1579 per
628 1493 794 1558 biennium
817 1515 836 1556 a
859 1496 975 1560 comite
997 1495 1151 1558 Heinrico
1174 1495 1215 1560 de
1238 1495 1410 1560 Souirinhf

286 1580 320 1652 in
343 1578 525 1667 firmissimo
548 1587 580 1642 et
600 1576 815 1642 inaccessibili
837 1590 939 1644 castro
965 1580 1094 1644 nomine
1116 1578 1354 1644 Daunenberch
1363 1591 1408 1634 1-1

287 1662 372 1727 idem
394 1684 453 1726 rex
475 1682 548 1726 cum
569 1661 634 1726 filio
657 1683 715 1726 suo
738 1671 851 1748 captus
874 1664 1053 1728 tenebatur.
1095 1664 1269 1728 Venientes
1297 1665 1410 1750 itaque

287 1747 329 1811 ad
351 1743 501 1810 Alviam¹¹
530 1745 664 1810 fluvium
692 1746 830 1832 predicti
858 1748 1029 1833 principes,
1051 1747 1286 1811 Herimannum
1308 1749 1407 1832 magi-

288 1842 387 1896 strum
411 1830 576 1915 hospitalis
598 1831 859 1912 Teutonicorum‚
884 1833 939 1918 qui
961 1832 1002 1896 ab
1024 1833 1216 1917 imperatore
1237 1833 1271 1894 in
1290 1832 1410 1897 Teuto-

287 1917 375 1978 niam
396 1915 514 1978 missus
547 1915 652 1979 fuerat
679 1937 778 1979 causa
808 1914 1084 1980 reconciliacionis
1112 1925 1145 1980 et
1171 1916 1408 2002 conposieionis

288 1998 462 2079 faciendas,
485 1999 527 2063 ad
548 2009 712 2085 utrosque,
728 1998 851 2064 scilicet
863 2022 972 2085 regem
988 2010 1020 2064 et
1035 2001 1194 2082 comitem,
1209 2002 1408 2085 premittunt.

290 2084 363 2164 Quo
389 2084 559 2163 mediante,
596 2082 639 2146 ad
670 2084 731 2147 hoe
760 2084 912 2147 inductus
946 2092 994 2148 est
1022 2084 1109 2148 idem
1136 2107 1205 2167 rex,
1242 2095 1278 2149 ut
1306 2093 1409 2149 totam

288 2179 405 2233 terram
428 2189 525 2253 quam
546 2169 681 2253 imperio
697 2166 871 2232 abstulerat
886 2167 1020 2232 reddere
1035 2177 1067 2234 et
1082 2190 1235 2235 coronam
1256 2168 1296 2232 de
1310 2190 1411 2232 manu

288 2253 490 2336 imperatoris
519 2255 604 2316 susci
630 2275 691 2334 ere,
720 2254 852 2337 insuper
879 2262 1007 2317 eentum
1035 2252 1125 2316 milia
1146 2273 1328 2316 marcarum
1349 2275 1411 2338 pro

289 2334 494 2401 absolucione
516 2358 574 2400 sua
602 2274 678 2400 dare
699 2339 901 2421 promitteret
909 2347 932 2400 ³.
976 2336 1071 2416 Quod
1101 2359 1175 2401 cum
1203 2347 1412 2423 acceptarent

312 2420 393 2484 rinei
419 2442 452 2484 es
475 2421 530 2506 qui
560 2443 634 2483 cum
659 2442 735 2505 rege
768 2430 932 2504 presentes
964 2421 1105 2504 aderant,
1127 2419 1279 2486 Albertus
1301 2442 1412 2485 eomes

289 2443 330 2569 de
349 2442 557 2585 llrlemunde,
579 2503 665 2568 filius
681 2505 821 2568 sororisk
836 2506 938 2589 ipsius
951 2507 1047 2590 regis,
1064 2515 1096 2570 et
1111 2505 1262 2570 barones¹
1279 2505 1411 2569 Daciem

289 2588 373 2652 hanc
395 2589 666 2674 composicionem
688 2588 895 2673 reprobantes
922 2599 954 2653 et
980 2613 1019 2654 ea
1048 2612 1111 2676 que
1138 2591 1298 2674 promissa
1319 2599 1413 2653 erant

290 2684 471 2755 cassantes,
510 2675 652 2736 ascensis
680 2672 817 2737 navibus
849 2695 922 2737 cum
944 2674 1168 2759 indignacione
1198 2683 1409 2754 recesserunt,

289 2755 445 2820 infinitam
467 2758 649 2840 pecuniam,
695 2779 769 2820 uam
791 2757 833 2821 ad
854 2757 1076 2823 redimendum
1097 2780 1206 2857 regem
1228 2757 1413 2840 attulerant,

290 2861 401 2904 seeum
431 2839 617 2905 deferentes.
663 2779 755 2906 [lude
783 2843 919 2926 predicti
946 2843 1109 2928 principes
1133 2842 1251 2906 msecto
1274 2843 1412 2928 negocio

290 2923 415 2988 confirsi
446 2923 672 2990 discesserunt.
725 2924 879 2990 Albertus
902 2928 913 2990 i
937 2929 1001 2991 itur
1028 2926 1068 2991 de
1096 2904 1315 2991 [lrlemunden
1336 2934 1413 3011 post

288 3007 394 3072 natale
405 3009 537 3073 Domini
553 3020 747 3095 congregato
759 3011 904 3075 exercitu
912 2949 1100 3074 lteinrieum
1112 3010 1260 3074 comitem
1275 3009 1412 3094 aggredi

291 3093 412 3158 statuit.
435 3093 531 3174 Quod
545 3103 581 3157 ut
598 3095 749 3178 coguovit
763 3093 936 3158 Heinrieus
953 3115 1060 3159 comes
1075 3095 1109 3158 in
1124 3093 1290 3159 obsidione
1305 3095 1414 3158 cuius-

291 3177 368 3240 dam
384 3179 479 3242 castri
493 3179 627 3262 positus,
643 3177 754 3242 relicta
769 3178 946 3258 obsidione,
962 3178 1007 3241 illi
1028 3179 1177 3244 occurrit.
1214 3177 1281 3243 Ubi
1296 3199 1409 3264 pugna

291 3264 459 3344 conmissa,
477 3281 550 3325 cum
566 3284 683 3346 magna
703 3263 904 3327 animositate
921 3273 952 3326 et
966 3262 1138 3326 multorum
1154 3263 1319 3348 sanguinis
1333 3261 1413 3326 effu·

291 3347 379 3411 sione
401 3345 442 3410 ab
464 3345 544 3412 hora
566 3346 630 3410 diei
673 3347 755 3410 rima
770 3369 872 3434 usque
888 3346 930 3411 ad
944 3368 1112 3431 vesperam
1128 3345 1315 3410 dimicatum
1330 3354 1413 3426 estt,

290 3429 399 3494 multis
420 3430 466 3496 ibi
488 3369 719 3495 corruentibus.
762 3431 837 3515 Ipse
859 3432 981 3495 eciam⁰
1004 3429 1156 3494 Albertus
1178 3430 1240 3495 ab}j
1255 3429 1414 3494 Heinrico

291 3535 364 3579 cum
386 3513 530 3600 pluribus
551 3514 714 3580 nobilibus
737 3526 848 3599 captus
870 3516 956 3579 etin
978 3523 1119 3579 castrum
1137 3514 1347 3579 Danninberr
1369 3513 1412 3580 ad

291 3597 486 3662 avunculum
509 3621 602 3663 suum
624 3599 809 3684 perductus,
830 3598 952 3664 ibidem
974 3597 1117 3664 custodie
1138 3599 1349 3683 mancipatur.

291 3808 314 3860 a)
330 3809 449 3858 Yspanuie
466 3809 508 3850 01.
573 3807 597 3860 b)
614 3809 781 3850 Teuthonleam
798 3811 841 3851 01.
909 3808 930 3862 e)
947 3821 974 3851 eo
992 3811 1035 3851 01.
1045 3811 1065 3850 2.
1127 3807 1150 3861 d)
1168 3809 1267 3859 apostoli
1283 3820 1340 3849 corr.
1357 3818 1413 3858 epo·

291 3868 428 3908 stoliceBl.
504 3866 525 3919 e)
542 3878 649 3918 possessa
664 3870 725 3908 codd.
806 3869 951 3922 DSeurinch
966 3881 1023 3911 corr.
1042 3869 1140 3909 Scurinh
1157 3869 1207 3918 023
1231 3867 1349 3908 Scirrinch
1366 3869 1411 3908 01.

292 3925 602 3978 g)Dannenbrech01.2.
677 3928 701 3980 h)
713 3928 806 3969 Albiam
828 3931 870 3971 01.
883 3931 905 3970 2.
985 3925 1129 4031 ibractenda
1151 3927 1246 3968 Β1.01.
1322 3923 1347 3976 k)
1360 3931 1415 3976 port

291 3986 425 4035 sappam.
457 3987 475 4038 1)
491 3987 590 4027 boroues
607 3987 649 4028 01.
661 3987 680 4028 2.
711 3987 911 4039 m)Dach1002.
951 3985 976 4039 n)
1013 3988 1140 4028 ruomunde
1157 3989 1198 4029 01.
1229 3985 1414 4038 o)dmt01.2.

291 4043 317 4095 p)
334 4055 386 4085 cum
403 4046 445 4086 01.
508 4044 531 4096 q)
549 4047 692 4087 Danuuberh
708 4048 759 4097 013
776 4049 929 4096 Dauntnberg
945 4048 963 4088 0
969 4049 990 4091 2.

295 4211 321 4280 1)
341 4213 518 4282 Berecyntia,
536 4214 599 4280 fitia
618 4215 736 4282 Alfomt'.
800 4215 829 4283 2)
849 4216 936 4267 Haud
954 4217 1051 4282 procsd
1070 4233 1087 4266 a
1105 4215 1249 4280 Ldneburp
1269 4215 1306 4264 cd
1325 4213 1413 4265 orien-

291 4289 447 4412 bemtdiddm·
522 4289 551 4355 3)
565 4288 676 4342 Pactum
694 4290 746 4342 iam
768 4292 794 4342 4.
808 4290 852 4341 die
863 4288 931 4340 Iulii
943 4288 1039 4340 initum
1051 4295 1117 4341 erat.
1192 4287 1221 4355 4)
1236 4303 1322 4353 prope
1336 4287 1414 4339 Mello
