3126 4976
310 387 345 436 90
500 385 687 439 OHRONIOA
706 387 818 438 REGIA
838 385 1080 440 COLONIENSIS
1100 388 1132 441 A.
1157 386 1234 436 1153.

676 560 844 612 Bcoeasio
864 561 888 612 I.
909 563 1004 613 codd.
1025 559 1057 612 A.

296 644 426 728 nardo,
456 646 489 708 in
518 646 609 709 cuius
638 645 745 710 locum
774 669 833 712 rex
861 645 1040 710 Arnoldum
1069 646 1295 713 cancellarium
1331 647 1426 710 s'uum

309 728 482 795 substituit.
532 728 709 796 Mindensis
739 752 866 817 quoque
889 733 1057 816 episcopus
1079 730 1262 813 Heinricus,
1284 751 1342 816 pro
1372 728 1427 795 ob-

310 815 474 879 cecatione
506 812 673 878 cuiusdam
707 814 813 879 clerici
848 837 922 879 cum
951 837 985 880 se
1014 837 1195 902 expurgare
1223 836 1288 879 non
1334 823 1428 895 osset,

309 897 497 962 auctoritate
518 896 657 982 Eugenii
679 919 783 984 papae
797 898 971 985 depositus,
995 908 1027 964 et
1047 901 1081 963 in
1107 899 1294 965 monachico
1309 837 1429 964 habitu

310 1003 411 1080 usque
439 981 480 1045 ad
509 985 680 1046 terminum
702 985 787 1048 vitae
807 983 947 1069 perstitit
967 984 1001 1047 in
1022 982 1132 1048 Insula
1153 984 1255 1070 ipsius
1277 982 1429 1063 civitatis,

308 1065 365 1130 ub1
408 1065 549 1129 nondam
571 1065 671 1131 abbas
692 1064 804 1133 fuerat
1408 1071 1412 1075 ’

388 1085 525 1215 huon&
540 1149 800 1238 archiepiscopus
812 1151 1119 1237 Magadeburgcnsis
1135 1151 1222 1232 obiit,
1245 1160 1296 1216 etl¹
1308 1148 1428 1214 electus

309 1242 358 1298 est
373 1233 566 1315 Gerhardus,
589 1235 692 1299 maior
712 1238 908 1321 prepositus;
931 1243 980 1300 set
993 1236 1167 1320 imperator
1178 1236 1428 1301 Wichmannum

308 1317 476 1382 Zizensem
497 1321 685 1403 episcopum
707 1321 753 1384 eis
775 1319 910 1404 prefecit
919 1331 940 1385 ².

386 1399 561 1466 Coloniae⁸
583 1402 715 1489 quidam
736 1405 875 1469 Iudeusa
905 1414 967 1468 eua
982 1413 1093 1503 patrea
1115 1403 1247 1484 Iudeoa,
1262 1411 1330 1466 seta
1353 1423 1427 1466 con-

308 1495 430 1567 versot,
454 1485 531 1549 dum
553 1486 586 1548 in
614 1488 734 1571 pascha
756 1510 873 1574 corpus
900 1488 1033 1552 Dommi
1064 1496 1211 1552 oretenus
1243 1487 1428 1570 susciperet,

309 1567 474 1633 ecclesiam
496 1591 652 1654 egressus,
673 1572 707 1634 in
729 1573 885 1638 cimiterio
906 1571 1004 1637 humo
1024 1572 1157 1658 operuit.
1191 1571 1429 1658 Superveniens

309 1674 385 1717 vero
396 1703 398 1708 .
408 1654 555 1718 sacerdos
577 1653 697 1720 fossam
719 1659 875 1742 aperiens,
890 1657 1025 1721 formam
1040 1656 1169 1721 infantis
1185 1657 1315 1738 invenit,
1332 1676 1428 1740 quam

310 1757 382 1804 cum
405 1738 445 1801 ad
469 1736 636 1802 ecclesiam
659 1751 822 1824 reportare
849 1740 954 1822 vellet,
981 1741 1039 1805 lux
1068 1739 1200 1805 caelitus
1227 1739 1367 1822 advenit,
1397 1749 1430 1804 et

309 1841 380 1884 cum
403 1821 514 1887 eadem
535 1821 607 1886 luce
629 1824 777 1889 manibus
799 1827 867 1890 eius
890 1826 998 1912 elapsa
1020 1825 1125 1890 caelos
1152 1825 1253 1910 petiit.

195 1925 246 1968 raa.
263 1926 298 1968 ao.
387 1905 416 1969 7.
438 1905 609 1971 Kal.Febr.
632 1907 716 1972 facta
737 1919 787 1974 est
808 1911 934 1996 eclipsis
957 1909 1031 1975 solis
1054 1910 1140 1974 eirca
1162 1909 1337 1974 meridiem.

185 2002 243 2054 sept.
261 2004 297 2044 ¹⁰·
387 1991 508 2070 Quarto
519 1990 596 2055 Idus
609 1990 828 2078 Septembris³
852 2003 946 2079 capta
958 1994 1197 2058 estAscalonab
1208 2017 1229 2058 a
1240 1992 1428 2058 christianis.

382 2074 546 2160 Eugenius
568 2097 654 2161 papa
675 2075 776 2142 felicis
791 2079 963 2144 memoriae
987 2077 1078 2160 obiit3
1095 2079 1148 2142 cui
1158 2077 1358 2158 Anastasius,
1375 2075 1429 2161 qui

310 2167 341 2222 et
363 2156 542 2242 Ounradus,
564 2161 727 2225 successit.

658 2343 819 2396 Beeeasio
839 2343 880 2396 II.
901 2344 1037 2396 eodobB.
1062 2342 1088 2396 0.

313 2427 437 2493 duobus
471 2426 696 2510 cardinalibus,
727 2430 885 2514 Gregorio
923 2429 1044 2494 scilicet
1078 2439 1110 2494 et
1135 2428 1338 2510 chhard03
1375 2427 1428 2490 cui

312 2513 503 2578 substitutus
519 2521 566 2577 est
580 2511 753 2594 Amoldus,
775 2515 861 2599 regis
884 2511 1090 2578 cancellarius
1113 2522 1145 2578 et
1166 2513 1326 2662 Apuensis
1354 2533 1425 2596 pre-

311 2597 441 2683 positus.
486 2596 566 2660 Itcm
589 2596 760 2662 Heinricus
782 2597 959 2662 Mindensis
982 2598 1183 2684 episcopust,
1221 2620 1275 2662 um
1297 2604 1428 2680 propter

312 2679 463 2744 clericum
491 2679 660 2765 quendam,
685 2682 740 2767 qui
762 2682 795 2744 in
826 2684 953 2748 civitate
975 2704 994 2746 a
1020 2682 1095 2759 suis,
1117 2682 1187 2766 ipso
1210 2681 1426 2744 consentiente

312 2773 348 2826 ut
381 2760 555 2845 dicebatur,
588 2773 714 2828 cecatus
729 2763 840 2848 fuerat,
859 2788 1040 2851 expurgare
1056 2787 1090 2829 se
1106 2786 1170 2828 non
1184 2773 1302 2851 posset,
1319 2762 1426 2846 multis

311 2855 474 2932 pertesus⁰
488 2847 747 2932 adversitatibus,
772 2851 904 2914 coramd
925 2850 1055 2935 profatis
1071 2847 1287 2914 cardinalibus
1306 2849 1428 2995 episco-

311 2931 400 3030 patui
415 2933 629 3015 renunciavit,
645 2934 698 2997 cui
714 2936 866 3000 successit
876 2933 1051 2999 Wernerus
1060 2945 1083 3016 ⁰,
1095 2932 1237 2998 eiusdem
1252 2953 1328 2996 aecc
1342 2933 1427 2996 esiae

311 3037 413 3079 maror
427 3017 618 3102 prepositus.

385 3108 521 3170 Eugenius
541 3123 611 3174 papa
631 3108 705 3167 obiit,
726 3114 753 3159 et
771 3109 894 3160 succedit
911 3109 1079 3171 Anastasius,
1099 3110 1145 3175 qui
1166 3113 1191 3158 et
1213 3107 1361 3159 conradus.

388 3171 549 3238 *Colonia
566 3174 695 3259 quidam
710 3199 752 3240 ex
778 3186 868 3262 patre
883 3175 994 3256 Iudeo,
1019 3175 1074 3240 sed
1097 3197 1264 3256 converso,
1286 3174 1363 3237 dum
1379 3192 1427 3236 sa-

311 3267 508 3321 cramentum
537 3259 680 3342 corporis
702 3257 822 3324 Christi
843 3261 877 3324 in
904 3258 1048 3346 paschali
1077 3259 1249 3324 festivitate
1277 3266 1426 3321 oretenus

311 3342 504 3427 suscepisset
518 3354 550 3406 et
564 3341 752 3406 aecclesiam
767 3366 927 3427 egressus,
941 3345 1050 3408 nescio
1066 3342 1144 3430 quid
1159 3341 1275 3407 exinde
1286 3350 1427 3421 aeturus,

311 3426 442 3490 domum
449 3425 566 3510 inferre
579 3427 762 3512 cogitasset,
770 3427 924 3493 divinitus
935 3428 1062 3493 territus
1072 3426 1248 3506 exhorruit,
1260 3433 1292 3489 et
1299 3423 1427 3489 nescius

312 3531 375 3597 quo
403 3533 437 3574 se
464 3518 612 3592 verteret,
641 3511 675 3574 id
697 3512 729 3574 in
759 3512 914 3576 cimiterio
936 3511 1021 3576 iacta
1042 3511 1129 3576 fossa
1156 3509 1312 3600 sepeliyit.
1361 3507 1427 3573 Sed

311 3595 541 3680 superveniens
564 3594 712 3658 sacerdos
735 3605 766 3660 et
787 3617 855 3659 rem
877 3595 1013 3676 discens,
1035 3595 1154 3661 fossam
1172 3594 1299 3680 aperuit
1314 3602 1345 3658 et
1365 3591 1428 3656 for·

310 3677 429 3742 mulam
440 3676 587 3742 infantuli
597 3679 772 3758 inveniens,
784 3679 825 3744 ad
836 3678 1027 3744 aecclesiam
1038 3701 1112 3743 cum
1124 3678 1308 3744 reverencia
1319 3699 1429 3761 aspor-

310 3770 379 3825 tare
399 3758 510 3842 voluit,
523 3762 578 3826 sed
590 3762 706 3824 mirum
729 3762 825 3844 dictu,
848 3762 919 3828 luce
941 3762 1071 3829 caelitus
1088 3765 1214 3849 emissa,
1234 3783 1308 3826 cum
1322 3762 1426 3848 ipsae

312 3844 459 3909 manibus
482 3847 550 3929 eius
573 3843 700 3910 elabens
723 3845 829 3911 caelos
851 3849 953 3934 petiit.
1329 3870 1331 3875 ’

312 4026 335 4082 a)
351 4030 401 4068 bueo
417 4031 459 4070 des.
475 4029 546 4078 spatio
562 4038 631 4067 vacuo
646 4028 719 4069 rateto
735 4030 783 4070 Aa.
845 4028 868 4082 b)
885 4031 1019 4072 Archelaus
1035 4029 1084 4071 Ar.
1101 4045 1130 4065 =
1146 4028 1168 4080 c)
1185 4039 1293 4080 percesus
1310 4017 1357 4077 01'3
1373 4036 1424 4076 per·

311 4093 374 4129 tosus
387 4093 437 4138 post
452 4100 508 4130 corr.
530 4089 653 4138 pertonsus
671 4087 710 4140 02,
725 4089 763 4128 aba·
779 4089 830 4128 adv.
846 4100 865 4132 c.
882 4091 966 4131 durrat.
1027 4089 1075 4142 d)a
1092 4090 1132 4130 02.
1195 4086 1217 4139 e)
1233 4088 1360 4129 warnerus
1377 4085 1421 4124 01.

319 4217 346 4284 1)
359 4218 450 4271 Potius
464 4219 619 4272 Fridericus
631 4221 655 4283 I,
665 4221 712 4289 qui
730 4221 797 4274 aedit
809 4223 887 4274 anuis
909 4222 1099 4272 1142-1152.
1114 4220 1145 4274 P.
1183 4218 1213 4286 2)
1227 4199 1286 4269 Iam
1301 4235 1326 4268 a.
1343 4217 1422 4270 1152.

312 4291 584 4362 ³)d.12.11u9usti
609 4295 657 4346 atii
680 4296 813 4362 roscreen
839 4315 865 4349 o.
892 4296 990 4349 aarum
1016 4294 1074 4357 III,
1096 4295 1120 4359 2,
1144 4311 1174 4359 p.
1193 4294 1237 4345 26.
1325 4289 1355 4358 4)
1383 4288 1422 4357 ίΥ.

310 4366 411 4419 Asuui.
430 4366 587 4421 Pelideases
607 4387 633 4422 a.
655 4369 734 4422 1153.
755 4369 804 4422 aab
815 4370 907 4436 ficem.
927 4369 959 4421 P.
