3126 4976
317 393 367 442 102
514 391 700 444 CHRONIOA
720 393 833 444 Rusti
854 391 1096 444 COLONlENSIS
1115 390 1147 440 A.
1171 390 1249 440 1159.

687 564 850 618 Reecnaio
870 565 892 615 I.
914 565 1010 616 codd.
1029 561 1062 614 A.
1538 601 1539 629 p

314 633 407 698 Miles
428 654 504 698 vero
527 631 578 696 ille
593 654 659 780 pro
682 634 748 697 vita
769 654 827 696 sua
849 633 912 696 duo
935 633 1023 696 milia
1045 653 1226 695 marcarum
1248 629 1443 717 spopondit3

315 717 371 782 sed
398 738 508 782 caesar
537 718 591 782 vin
615 718 713 782 ictam
745 717 851 780 animo
874 738 1005 800 gerens,
1029 740 1045 780 e
1071 737 1112 780 ua
1135 727 1219 780 sorte
1249 725 1285 779 ut
1313 725 1443 780 ceteros

314 801 403 865 iubet
435 823 507 865 eum
539 809 613 865 ante
670 809 773 865 ortam
805 800 894 866 urbis
924 739 1089 886 suspendi,
1129 801 1236 863 multis
1269 801 1369 864 etiam
1394 822 1442 862 ax

314 885 521 949 Theutonicis
549 907 608 970 pro
638 823 742 949 dorma
762 883 848 948 illius
870 885 1148 970 compatientibus,
1193 883 1339 948 Tandem
1362 881 1444 948 Ore-

314 991 439 1032 menses
469 970 534 1033 vim
563 969 699 1034 militum
728 968 811 1033 ferre
833 991 898 1032 non
918 968 1072 1050 valentes,
1105 969 1213 1053 petitis
1236 968 1358 1032 dextris
1379 969 1444 1031 im-

313 1054 494 1150 peratoriae
524 1076 557 1116 se
587 1064 619 1118 et
645 1052 781 1117 urbema
810 1053 940 1118 tradunt
967 1055 1149 1139 potestant
1199 1051 1301 1118 Dedit
1329 1063 1444 1118 autem

314 1148 489 1222 imperator
515 1136 699 1202 facultatem
725 1136 870 1222 singulis,
902 1147 938 1201 ut
966 1159 1047 1222 quae
1072 1160 1112 1202 ue
1133 1137 1266 1200 humero
1289 1137 1443 1221 general

313 1221 503 1307 potuissent,
519 1221 701 1302 efferrent⁰;
724 1222 781 1286 ubi
803 1230 950 1286 matrona
974 1160 1134 1306 quaedam
1150 1219 1303 1318 neglectis
1320 1221 1442 1307 opibus

314 1306 419 1369 virum
449 1327 543 1368 suum
574 1304 713 1369 debilem
740 1306 899 1390 permissu
927 1307 1065 1370 caesaris
1087 1305 1228 1384 humeris
1250 1306 1444 1390 impositum

314 1388 394 1453 urbe
422 1387 564 1453 eduxite
610 1388 665 1453 Sic
693 1391 737 1453 ita
758 1395 802 1453 'ue
833 1390 949 1453 Creme
978 1391 1065 1454 victa
1095 1399 1127 1453 et
1155 1388 1289 1454 subacta
1312 1398 1371 1471 est,
1405 1390 1444 1451 in

223 1483 227 1490 '
339 1494 381 1535 ua
414 1495 487 1557 spes
520 1473 663 1536 maxima
692 1410 981 1538 Mediolanensium
1015 1483 1092 1537 erat.
1155 1474 1300 1537 intereas
1337 1473 1443 1558 legati

315 1494 557 1622 boloniensium
600 1555 725 1620 Italiam
761 1558 908 1639 veniunt,
951 1557 1104 1621 domnum
1131 1557 1324 1622 Reinoldum
1366 1579 1444 1621 can-

317 1639 499 1704 oellariumf
542 1640 607 1705 sibi
653 1641 687 1702 in
724 1641 907 1726 pontificem
943 1641 1131 1726 deposcunt.
1186 1640 1328 1716 Gavisus
1361 1663 1443 1726 ergo

315 1726 499 1810 imperator,
545 1723 631 1809 quod
658 1723 764 1788 locum
799 1724 930 1788 honoris
966 1723 1151 1790 deserendi&
1189 1726 1219 1789 ei
1254 1725 1444 1806 invenisset,

314 1817 406 1895 grato
444 1809 551 1872 animo
586 1807 810 1872 Coloniensem
847 1809 1069 1894 episcopatum
1107 1819 1139 1873 et
1168 1831 1251 1895 quae
1284 1810 1334 1872 sui
1360 1810 1445 1873 iuris

316 1901 406 1956 erant
441 1891 582 1957 tradidit.
633 1892 701 1956 Nec
733 1892 834 1957 multo
890 1904 940 1957 ost
969 1893 1055 1957 idem
1088 1891 1272 1974 Reinoldus‚
1306 1903 1446 1978 accepta

315 1975 444 2040 licentia
480 1978 700 2062 imperatorie,
745 1976 785 2042 de
822 1917 916 2040 Italia
963 1976 1131 2042 Coloniam
1173 1978 1278 2058 venit,
1323 1999 1446 2041 novam

316 2059 463 2124 militiam
484 2062 670 2146 imperatori
692 2059 898 2126 adducturus.
937 2059 1112 2146 Susceptus
1134 2062 1244 2147 itaque
1265 2059 1444 2125 honorifice

314 2168 335 2208 a
358 2145 533 2242 capitaneis
568 2154 600 2208 et
633 2145 755 2209 civibus
790 2143 990 2210 Coloniensis
1018 2144 1181 2227 ecclesiae,
1219 2144 1383 2230 dispositis
1407 2145 1445 2208 in

315 2228 408 2292 brevr
435 2228 571 2314 negotiis
602 2229 667 2292 suis
677 2241 701 2309 8,
739 2250 811 2292 cum
841 2229 904 2294 300
934 2228 1042 2309 electis
1070 2228 1224 2294 militibus
1251 2251 1377 2292 rursum
1407 2231 1445 2293 in

316 2311 548 2377 Lonbardiami
572 2311 614 2375 ad
636 2315 863 2397 imperatorem
884 2314 1089 2377 revertitur².

347 2477 350 2482 Δ
400 2395 467 2459 lllis
496 2395 609 2460 diebus
638 2397 822 2481 imperator,
856 2393 974 2460 relictis
996 2398 1148 2462 'tentoriis
1178 2419 1215 2461 ac
1239 2397 1385 2460 somariis
1409 2406 1444 2461 et

318 2479 469 2544 omnibus
499 2479 706 2564 impeditius,
740 2479 890 2564 expedite
918 2502 992 2544 oum
1018 2481 1173 2545 militibus
1203 2491 1235 2544 et
1263 2482 1359 2544 armis
1382 2503 1450 2564 per·

317 2565 403 2628 diem
426 2573 457 2628 et
478 2573 604 2628 noctem
627 2563 734 2648 rapuit
756 2586 790 2628 se
812 2564 845 2626 in
865 2573 981 2627 terram
999 2575 1031 2629 et
1045 2575 1197 2629 montana
1211 2565 1444 2647 Brixiensium‚

317 2647 483 2712 destruens
515 2658 628 2730 pontes
661 2656 693 2711 et
725 2646 854 2712 castella
911 2649 1034 2712 ontium
1066 2672 1126 2734 per
1157 2648 1301 2711 diversas
1328 2670 1443 2734 aquas,

317 2731 425 2794 undek
441 2740 600 2794 mercatus
612 2730 729 2794 adduci
744 2740 871 2816 poterat
884 2670 1189 2814 llediolanensibus,
1204 2731 1296 2796 villas
1334 2753 1444 2817 uoque

304 2815 499 2878 innumeras
530 2815 780 2912 circumquaque
803 2815 1000 2880 devastans¹.
1051 2817 1131 2881 Erat
1158 2816 1290 2902 quidam
1312 2755 1444 2902 burgus

237 2931 239 2936 ·
319 2899 440 2968 civitati
463 2897 722 2984 comparabihs³‚
746 2899 874 2963 clausus
895 2899 978 2981 laou,
1007 2899 1145 2986 Alpibus
1169 2910 1200 2965 et
1221 2899 1350 2986 palude,
1373 2909 1444 2964 tam

318 2991 433 3046 natura
455 2991 516 3046 etm
546 2982 609 3046 situ
636 2981 699 3046 loci
730 2983 938 3067 fortissimus²
974 2997 1090 3069 quamn
1113 2986 1199 3048 omni
1233 2985 1445 3048 divitiarum⁰

320 3111 381 3120 ””’
686 3127 849 3180 irecense«,
870 3129 911 3181 11.
934 3131 999 3180 coa.
1022 3093 1074 3180 oi.

319 3220 397 3269 hinc
426 3225 458 3269 et
486 3220 567 3269 inde
604 3222 864 3281 corruentibus,
900 3221 1058 3272 cremenses
1090 3221 1336 3291 tandem'rebus
1368 3225 1445 3274 suis

320 3293 532 3343 diffidentes
562 3295 595 3343 in
630 3294 842 3344 deditionem
875 3300 1057 3356 venerunt,
1090 3311 1191 3360 seque
1220 3302 1247 3346 et
1272 3295 1365 3346 urbem
1392 3299 1444 3346 im-

318 3367 448 3432 peratoris
484 3367 635 3418 arbitrio
672 3367 890 3428 tradiderunt.
954 3369 1000 3418 Sic
1037 3370 1130 3434 itaque
1166 3369 1263 3418 Orema
1304 3371 1376 3419 victa
1417 3377 1447 3420 et

319 3441 433 3490 subacta
467 3446 515 3502 est,
550 3443 576 3490 in
618 3457 670 3504 qua
709 3457 771 3507 spos
804 3443 921 3490 maxima
952 3441 1195 3491 Mediolanensium
1233 3448 1297 3492 erat.
1360 3443 1446 3494 Post

319 3513 382 3562 hec
408 3515 561 3578 imperator,
589 3516 616 3563 in
646 3520 744 3563 terram
774 3515 952 3564 Brixiensium
979 3516 1132 3564 traiecto
1153 3517 1327 3577 exercitu,
1346 3520 1445 3580 pontes

320 3592 346 3637 et
366 3586 479 3636 castella
498 3588 619 3652 pontium
633 3603 681 3652 per
700 3587 806 3638 diversa
830 3587 987 3650 flumina,
1013 3587 1083 3636 unde
1104 3593 1237 3639 mercatus
1256 3587 1444 3638 Mediolanen-

319 3660 393 3710 sibus
419 3662 553 3724 apportari
579 3666 692 3724 poterat,
718 3660 850 3726 villasque
877 3676 957 3726 quam
988 3660 1116 3725 plurimas
1151 3661 1318 3714 devastabat.
1376 3662 1446 3712 Erat

320 3732 429 3797 quidam
449 3733 550 3796 burgus
571 3732 677 3782 clausus
689 3733 760 3796 lacu,
781 3733 880 3799 palude
910 3740 937 3785 et
966 3733 1125 3796 montibus,
1157 3739 1251 3784 natura
1272 3740 1298 3785 et
1316 3736 1370 3785 situ
1389 3731 1445 3785 loc'i

336 3805 556 3856 nvictissimus
576 3807 700 3870 omniqua
717 3821 815 3870 genere
827 3806 979 3858 divitiarum
995 3807 1144 3874 opulentus,
1165 3807 1233 3859 adeo
1250 3815 1280 3860 ut
1289 3809 1445 3860 Brixienses

320 3945 343 3999 a)
360 3949 415 3988 deest
431 3947 480 3990 Η.
557 3948 581 4000 b)
599 3954 690 3998 gestare
707 3972 733 3980 —-
750 3951 881 4000 deportavit
904 3953 984 3992 maiori
999 3954 1071 3992 littera
1087 3954 1170 4002 eortina
1191 3959 1242 3993 aaut
1259 3953 1308 3994 Al.
1376 3951 1397 4004 c)
1415 3965 1445 3994 ex

321 4007 628 4050 urbeaffarrentBl.Oi.
690 4008 925 4059 dldeportavitdl.
973 4010 1149 4062 arguaris.
1190 4011 1442 4063 i)c.suumelec·

320 4069 381 4106 turn
396 4067 447 4116 dep.
464 4067 506 4115 1313
521 4079 587 4107 suum
604 4069 768 4109 cancellarium
784 4069 829 4110 sibi
845 4070 943 4111 electum
960 4072 981 4116 d.
999 4070 1017 4110 0
1024 4073 1044 4111 2.
1075 4068 1099 4120 g)
1117 4072 1139 4110 ei
1155 4071 1177 4111 d.
1195 4072 1242 4114 Ar.
1282 4070 1306 4124 h)
1323 4073 1378 4112 deest
1394 4071 1443 4112 Ar.

320 4123 336 4175 i)
352 4126 538 4175 Longobardianr
554 4127 603 4166 131.
621 4128 664 4168 Oi.
739 4126 763 4179 k)
785 4129 838 4168 inde
860 4130 909 4171 Bl.
984 4128 1001 4180 l)
1024 4130 1137 4170 destruxit
1153 4131 1200 4171 112.
1260 4129 1293 4181 m)
1316 4142 1385 4180 quam
1402 4131 1444 4174 02.
1536 4127 1539 4134 ’

320 4181 346 4236 n)
362 4187 385 4224 et
401 4185 445 4226 02.
507 4182 530 4235 ο)
547 4195 569 4234 g.
586 4186 608 4227 d,
627 4186 672 4227 02.

322 4315 352 4381 1)
380 4319 459 4379 1160,
486 4317 550 4368 Iam
577 4319 619 4370 26.
719 4321 748 4387 2)
778 4338 803 4372 a.
825 4321 904 4384 1159,
934 4318 1034 4372 Octobr.
1057 4321 1100 4370 12.
1127 4322 1202 4387 opud
1229 4319 1348 4374 Creusam
1373 4331 1446 4384 eratr

320 4390 424 4453 itata,
444 4389 578 4443 ‘Belneld’
594 4409 625 4458 p,
647 4394 690 4442 33.
767 4392 796 4460 3)
816 4394 858 4446 De
877 4393 952 4444 caius
971 4392 1024 4444 sito
1043 4411 1096 4445 non
1114 4403 1225 4446 constat.
