3098 4982
267 415 447 469 OHRONIOI
465 417 628 470 RHYTHM.
649 417 893 471 COLONIENSIS
912 419 1144 472 FRAGMENTA.
1206 420 1261 474 309

284 587 374 651 Dum
396 587 443 651 sio
464 597 620 673 augustus
641 607 702 652 neo
723 597 791 652 erat
811 587 964 652 miserans
984 611 1089 678 neque
1109 590 1223 673 iustus,

210 684 262 734 125
284 670 302 734 Ι
326 694 360 736 se
382 694 441 770 per
461 669 613 752 Ytaliam‚
636 669 832 736 Germanam
853 670 938 735 filius
960 674 1028 738 eius

318 757 452 903 ppnmit
474 755 654 836 ecelesiam,
675 755 753 818 facit
775 757 1028 842 omnitempore
1049 759 1153 844 peius.

284 846 341 912 Pe
354 840 391 905 lit
411 841 444 902 in
467 837 601 904 exilium
623 838 772 924 prelatos,
793 840 964 923 religiones

285 924 490 1074 &Opprilmiq
513 922 669 987 auxilium
691 945 775 1010 pape
796 947 831 988 re
855 945 953 1010 esque
975 924 1112 992 barones

311 1031 371 1095 epe
393 1009 539 1094 requisiti
560 1029 626 1072 non
648 1008 726 1072 dant
746 1027 812 1094 pop
849 1009 859 1070 i
883 1030 924 1073 ue
945 1010 1048 1094 petiti,

208 1107 261 1156 130
282 1094 395 1158 Preter
415 1092 556 1179 prelatos
577 1093 611 1154 in
633 1089 813 1155 Theutonia
834 1094 874 1157 tri
899 1090 1013 1157 ulatos.

284 1177 438 1248 Ecclesia
459 1185 584 1261 partem
605 1176 751 1262 pervim
774 1198 832 1240 seu
854 1177 972 1240 cesaris
987 1186 1090 1243 artem

283 1263 375 1348 Papa
396 1263 488 1327 timet
508 1282 652 1346 pressam
674 1261 809 1323 nimium
832 1259 1048 1326 subcumbere
1069 1262 1201 1327 fessam.

284 1345 442 1428 Quamvis
464 1345 609 1409 divinum
631 1366 791 1408 summum
815 1366 944 1431 quoque
989 1346 1181 1412 residiorum

284 1430 405 1495 Oredat
424 1430 567 1494 vicinum
590 1428 663 1511 sibi,
685 1450 750 1493 non
771 1437 878 1493 tamen
897 1450 973 1492 auxi
989 1431 1091 1495 ’orum

205 1527 258 1576 135
280 1515 431 1601 Despicit
450 1512 637 1593 humanum,
661 1522 767 1578 certus
790 1513 878 1614 quod
900 1514 972 1578 Rex
993 1514 1196 1579 dominorum

281 1599 390 1663 Mittet
411 1599 441 1662 ei
463 1615 577 1661 sanum
599 1607 708 1661 tamen
731 1597 837 1662 officio
859 1597 1063 1684 populorum,

283 1683 356 1763 Quo
380 1703 459 1767 gens
482 1692 514 1746 et
535 1679 612 1745 cleri
632 1680 705 1766 plus
727 1683 853 1768 possint
873 1684 942 1747 iure
964 1683 1089 1748 mereri.

282 1772 436 1838 Pensans
458 1763 589 1828 difficile
610 1787 721 1850 regem
743 1767 810 1837 sine
832 1767 961 1831 vincere
981 1789 1069 1853 rege,

282 1849 436 1915 Milioiam
458 1848 552 1914 facile
568 1847 628 1912 sub
652 1849 771 1914 Christi
794 1850 911 1916 ducere
932 1848 1014 1936 lege,

205 1948 258 1996 140
280 1934 422 2019 Tempus
444 1944 569 1997 mutare
592 1933 785 2019 quandoque
806 1932 913 1998 locum
934 1937 1069 2016 variare,

282 2017 379 2099 Utile,
402 2018 540 2102 migrare
563 2017 705 2103 disponit
726 2029 758 2082 et
779 2040 820 2082 ex
844 2020 971 2083 atriare.
1142 2074 1143 2078 ,

283 2101 375 2168 Clam
396 2100 473 2166 facit
496 2110 648 2186 optatum,
695 2099 779 2166 alam
801 2040 862 2166 11111
884 2103 965 2167 forte
986 2109 1153 2187 negatum3

280 2187 375 2251 Pacis
397 2194 567 2251 tractatum
591 2123 754 2267 simulans,
776 2188 903 2272 peragit
924 2186 1123 2251 meditatum.

280 2271 378 2335 Hunc
399 2270 477 2334 dum
499 2269 657 2355 colloquio
680 2272 869 2354 spectabant
883 2271 1089 2353 cesarienses,

203 2371 255 2420 145
277 2355 371 2420 Letia
392 2356 466 2419 navi
492 2356 521 2419 'o
544 2356 607 2420 cito
630 2355 812 2440 suscipiunt
831 2356 1017 2424 Ianuenses.
1095 2391 1096 2394 ¹

278 2440 342 2504 Per
363 2460 451 2505 mare
501 2438 669 2524 ugdunum
692 2438 818 2522 ductus,
840 2461 919 2504 mox
943 2439 1074 2504 mandat
1099 2438 1134 2502 in
1154 2460 1253 2503 unum

281 2523 459 2589 Concilium
481 2535 619 2610 patrum,
642 2521 837 2610 prelatorum
861 2546 990 2624 quoque
1011 2523 1154 2605 fratrum,
1265 2520 1332 2564 ¹²⁴⁵·

279 2608 325 2673 Ut
347 2607 442 2671 simul
463 2610 553 2674 unati
573 2608 695 2673 faciant
716 2618 747 2673 et
767 2617 947 2694 posteritati

280 2692 426 2761 Ecclesia
447 2692 529 2758 fessa
552 2715 615 2779 que
636 2693 738 2758 dictat
759 2693 886 2778 agenda
907 2714 1049 2757 necesse.
1076 2707 1079 2716 ⁴

205 2793 258 2841 155
281 2776 366 2839 Tum
388 2799 422 2841 se
445 2776 591 2842 delusum
612 2799 702 2842 cesar
723 2775 820 2859 dolet,
842 2787 940 2862 auget
961 2777 1100 2843 abusum

282 2861 369 2926 Ense
391 2863 570 2946 potestatis,
592 2862 698 2925 multis
722 2861 762 2926 de
784 2871 876 2949 parte
898 2861 1020 2926 necatis
1051 2866 1052 2870 ’

281 2945 435 3028 Ecclesie,
459 2944 626 3031 publicum
648 2967 682 3009 se
704 2945 926 3010 demonstrans
948 2945 1124 3029 inimicum,

279 3029 548 3096 Predecessorum
570 3050 724 3115 superans
745 3028 830 3093 mala
851 3032 1072 3095 cesareorum2'

281 3114 405 3180 Herodi
427 3112 550 3191 similis,
572 3115 637 3200 qui,
659 3135 724 3177 non
745 3115 898 3179 redeunte
920 3134 1088 3198 magorum

205 3216 257 3265 155
281 3199 374 3283 Oetu,
395 3200 432 3263 fit
453 3197 575 3283 fragilis
597 3196 690 3263 turbe
712 3197 805 3261 lictor
819 3219 1002 3283 puerorum.

283 3283 337 3350 Sic
359 3293 453 3370 parat
474 3284 619 3346 invasum
641 3303 685 3367 pa
709 3303 771 3363 am,
794 3281 850 3346 sed
873 3303 947 3346 eum
969 3280 1031 3344 cito
1054 3299 1165 3343 casum

280 3369 436 3450 NoscenS,
458 3369 658 3432 Francorum
679 3304 871 3430 liudewious
892 3387 951 3430 rex
974 3363 1177 3429 dominorum

283 3454 395 3539 Surgit
416 3452 457 3517 ab
480 3451 640 3538 opposito,
663 3449 797 3515 ooHecto
819 3447 920 3514 milite
941 3449 1017 3514 trito

282 3537 412 3620 Obviat,
434 3546 467 3602 et
487 3558 571 3622 pape
593 3534 734 3616 mandat,
758 3543 940 3599 constanter
961 3531 1079 3598 habere

204 3638 256 3686 160
280 3623 322 3688 Se
344 3621 500 3711 palpaml,
523 3621 615 3701 scire,
638 3616 714 3706 [sibi
735 3616 964 3703 sucourr]endo
987 3617 1107 3698 venire,

280 3706 463 3791 Augustum
486 3705 565 3769 mire
586 3705 707 3769 faciens
729 3712 823 3788 cepto
844 3701 986 3766 retroire.

283 3791 387 3878 [Tunc
407 3791 442 3854 in
463 3789 690 3877 Parmensesl.
717 3836 725 3852 .
752 3836 760 3852 .
788 3837 795 3852 .
822 3784 1016 3851 deficientes.

280 4117 322 4183 Se
344 4123 487 4180 reserant
507 4123 631 4179 mentes
654 4031 716 4201 qde
738 4121 812 4176 sunt
833 4119 958 4175 secreta
978 4117 1132 4190 tenentes,

279 4200 426 4282 Quilibet
445 4198 488 4264 ad
508 4200 639 4264 volitem
664 4208 789 4285 partem
810 4193 898 4260 volat
918 4203 991 4259 ante
1013 4194 1168 4279 cupitam,
1263 4209 1343 4253 11111

129 4366 153 4420 a)
170 4367 266 4418 deinceps
279 4367 364 4418 primae
379 4376 479 4406 versuum
495 4361 713 4413 liaeoeabibliopepa
729 4360 805 4400 515115
821 4358 913 4399 obtectae
928 4361 991 4408 1151111
1007 4357 1043 4397 sed
1058 4356 1118 4396 Perta
1134 4367 1170 4395 eae
1186 4357 1252 4407 tepere

122 4427 206 4480 potuit.
