3098 4982
246 380 426 433 CHRONICI
446 382 608 432 RHYTHM.
630 381 873 434 COLONIENSIS
892 381 1123 434 FRAGMENTA.
1185 381 1238 432 313

268 549 343 614 Vidi
365 550 532 648 pontifices
554 558 618 614 tres
640 572 705 614 una
728 548 921 630 Coloniensi,

267 632 393 698 Oesarrs
415 634 587 717 artifices1,
608 635 807 718 Maguntino,
829 633 1029 713 Treverensi,

264 724 310 789 Μ
376 727 453 800 ates,
475 740 625 804 proceres
647 717 741 782 simul
763 717 910 782 abiurare
931 719 1070 803 rapinas,

210 817 244 866 50
266 801 318 866 Ad
352 825 430 887 eges
450 814 574 868 veteres
596 804 687 889 pacis
709 824 858 888 reparare
879 803 1002 884 ruinas3

267 887 366 952 Urbis
388 889 569 974 Agrippine
593 886 680 972 quod
701 888 791 952 novit
812 885 896 951 sala²
918 884 1050 972 repleta.

268 970 333 1035 Sed
356 969 451 1036 celeri
472 973 535 1036 fine
555 972 616 1035 fuit
637 970 697 1035 hec
719 972 841 1036 imario
863 979 980 1058 spreta.

265 1059 365 1126 llum
386 1077 445 1141 per
465 1055 607 1141 prelatos
628 1076 689 1120 nec
710 1054 779 1121 abit
799 1055 952 1122 mercatio
974 1063 1051 1136 tuta,

267 1138 328 1204 Est
349 1138 432 1204 male
453 1149 597 1206 versatos
619 1148 785 1226 raptorum
807 1138 901 1206 turba
923 1148 1041 1204 secuta.

210 1237 244 1287 55
266 1223 398 1288 Aurifer
420 1234 453 1288 et
472 1225 614 1306 Rhenus,
637 1223 768 1310 speculo
791 1233 962 1306 crescente,
985 1224 1106 1311 rapinis

265 1307 320 1373 Fit
334 1309 398 1373 cito
414 1318 480 1373 tam
494 1308 619 1395 plenus,
636 1310 723 1396 quod
737 1330 796 1373 nec
811 1309 927 1373 modus
942 1318 991 1373 est
1004 1331 1110 1396 neque
1125 1311 1207 1375 finis.

265 1397 394 1463 Postea
415 1391 539 1478 legatus
559 1393 617 1457 Hu
642 1403 682 1458 ο3
704 1415 788 1480 papo
810 1403 980 1458 veneratus

266 1475 336 1541 Hos
359 1477 557 1562 obiurgatus,
581 1500 598 1543 c
633 1499 708 1564 pam
730 1477 902 1564 pandendo
924 1487 1041 1560 reatus,

266 1559 427 1627 Monstrat
446 1564 591 1647 precisos
612 1584 631 1625 a
652 1584 738 1648 papa
758 1561 835 1626 talia
856 1564 954 1646 nisos,

207 1658 242 1708 60
271 1643 457 1710 Concordes
478 1647 567 1711 visos
589 1645 727 1711 absolvit
749 1647 886 1712 obinde³
907 1648 1038 1711 recisos.

267 1729 450 1799 Pontifices
474 1730 576 1795 dictos
598 1731 676 1794 facit
697 1731 845 1795 abiurare
866 1731 1007 1816 rapinas,

268 1813 312 1876 Et
333 1815 380 1876 sic
400 1815 547 1878 astrictos
569 1824 678 1878 monet
698 1814 773 1878 inde
794 1816 907 1878 timere
928 1815 1049 1878 ruinas.

269 1895 334 1976 Qui
355 1897 432 1960 dum
455 1898 612 1979 discessit,
634 1895 766 1962 morbus
786 1897 894 1962 radice
916 1899 1083 1979 recrescit3

267 1981 339 2044 Pax
360 1983 463 2067 patrie
486 1983 592 2063 cessit,
614 1981 727 2046 iterata
748 1982 862 2066 rapina
882 1983 1021 2046 virescit.

211 2079 246 2128 65
268 2067 374 2136 lr'iunt
394 2067 513 2150 peiora,
536 2065 614 2130 dum
635 2074 804 2152 sperantur
825 2063 966 2146 meliora,

268 2146 427 2214 Omnibus
443 2152 564 2236 absque
579 2171 684 2233 mora,
707 2149 823 2214 multos
838 2149 938 2216 nudat
952 2150 1059 2215 brevis
1080 2149 1170 2234 hora,

266 2233 310 2298 Et
330 2255 394 2298 non
416 2236 553 2300 maiores
575 2244 710 2316 tantum,
733 2234 790 2299 sed
812 2244 843 2300 et
864 2235 1029 2300 inferiores

266 2318 366 2384 Fiunt
386 2331 546 2404 raptores5
569 2329 780 2405 corrumpunt
801 2320 934 2384 crimina
955 2341 1070 2384 mores.

265 2408 356 2474 Post
376 2403 435 2469 hec
456 2404 630 2469 adveniens
653 2426 711 2469 rex
732 2403 923 2484 Richardus,
947 2405 1108 2490 sapienter
1250 2426 1315 2468 sarr.

210 2502 244 2549 70
267 2486 393 2552 Tollere
414 2489 480 2553 vim
503 2489 643 2574 cupiens,
666 2489 821 2574 nequiens
842 2510 978 2574 regnare
999 2498 1155 2574 potenter,

266 2572 402 2637 Invocat
423 2573 580 2637 auxilium
601 2593 695 2659 papo,
719 2572 805 2660 quod
829 2574 1027 2660 spiritualem

266 2655 434 2721 Exercens
456 2656 597 2741 gladium
620 2659 709 2724 iuvet
730 2657 783 2722 illo
806 2657 1013 2723 materialem.

265 2740 410 2810 Mandat
423 2764 509 2889 papa
524 2740 643 2825 volens,
665 2763 799 2828 magnos
814 2753 904 2808 vetat
917 2753 1013 2842 atque
1051 2742 1161 2807 usillos

268 2823 359 2888 Vecti
384 2823 444 2906 ale,
490 2822 576 2890 olens
598 2828 702 2912 magis
725 2827 1014 2892 excommunicati
1040 2848 1085 2891 os.

208 2919 242 2970 75
265 2908 336 2988 Que
357 2847 432 2972 ficet
453 2920 502 2973 est
523 2908 588 2973 lata
610 2912 766 2975 sententia
786 2933 842 2976 seu
864 2911 1037 2997 publicata,

267 2989 327 3056 Est
349 2990 517 3072 occultata,
539 3015 580 3058 ne
603 2997 668 3059 sint
689 3016 727 3057 ea
748 2995 819 3058 visa
840 3004 957 3074 vetata,

155 3112 158 3120 ·
268 3081 351 3151 (lue
374 3076 461 3140 dedit
482 3087 514 3142 et
535 3087 656 3164 prestat
677 3078 790 3142 assisia
809 3100 875 3142 non
895 3078 1069 3161 moderata,

269 3159 343 3240 Qua
364 3161 435 3225 iusb
458 3161 587 3226 infestat
608 3184 659 3225 res
705 3161 813 3226 ublica
833 3161 933 3248 litque
954 3171 1097 3246 gravata.

270 3243 306 3308 Si
327 3243 437 3331 presul
458 3247 579 3328 scisset,
603 3268 667 3333 quo
712 3245 829 3311 abinde
850 3246 940 3310 fuere
961 3246 1069 3309 tntum

205 3343 240 3392 80
268 3329 422 3411 Pessima,
444 3332 613 3415 pressisset
634 3330 726 3412 hanc,
748 3352 808 3395 nec
831 3341 914 3395 esset
934 3331 1119 3411 nocitura03

266 3413 311 3478 Et
332 3423 547 3501 quotcumque
569 3414 662 3479 malis
684 3414 774 3480 dedit
795 3424 826 3479 et
848 3413 970 3480 confert
990 3413 1151 3495 alimenta,

270 3497 370 3585 [Dum
392 3499 510 3585 fue]rat
531 3498 602 3563 talis
625 3501 762 3582 exactio,
785 3499 841 3564 dat
861 3509 1062 3563 nocumenta.

667 3670 698 3733 ὁ.

268 3767 361 3848 Quo‘
384 3769 522 3858 [pocilus
544 3771 650 3856 potuit
671 3771 739 3835 eius
763 3771 927 3857 sapiencia
947 3769 1042 3833 victis
1250 3795 1315 3836 arao.

268 3852 416 3937 Parcere,
440 3876 511 3918 cum
533 3855 639 3940 potuit
660 3857 760 3941 signis
782 3856 929 3920 nocuisse
952 3853 1081 3936 relictis,

267 3936 396 4002 Pseudo
419 3941 564 4024 permisit
585 3950 692 4004 tamen
714 3939 792 4004 lras‘i
813 3939 958 4004 habitare
981 3937 1129 4003 scabinos

267 4021 398 4104 Partim,
422 4023 544 4087 dimisit
567 4023 610 4111 (i)
632 4025 728 4088 nimis
749 4023 820 4089 illos
843 4045 912 4090 esse
933 4023 1070 4109 lupinos.

121 4151 143 4203 a)
160 4152 192 4191 tto
207 4163 225 4194 e.
286 4149 311 4201 b)
328 4149 439 4197 Quamvis
455 4151 488 4192 ed.
549 4149 570 4202 c>
587 4151 711 4190 nocititura
726 4161 743 4189 c.
805 4148 829 4201 d)
844 4149 877 4190 ou
891 4152 999 4201 scriptum,
1015 4152 1052 4191 red
1067 4153 1158 4192 altem
1173 4150 1239 4192 date

125 4247 152 4312 1)
172 4248 190 4298 i.
204 4263 226 4298 e.
241 4244 380 4299 emtores?
418 4243 448 4312 2)
462 4244 531 4296 Solo
545 4245 680 4311 palatium
699 4252 736 4298 est
754 4245 870 4314 episcopi
883 4245 1014 4300 Coloniae.
1034 4248 1070 4300 D.
1109 4245 1139 4315 3)
1152 4244 1238 4298 Aaou

125 4320 315 4371 1251-1260.
341 4319 370 4370 iu
395 4318 436 4369 bis
453 4318 578 4384 partitus
596 4327 717 4374 versatam
737 4325 788 4382 est‚·
807 4318 957 4372 Laoomhlet
977 4319 1017 4383 II,
1039 4339 1070 4388 p.
1091 4321 1153 4374 sto.
1174 4320 1238 4373 485.

122 4393 152 4462 4)
172 4394 214 4446 De
233 4393 311 4446 rebus
332 4410 356 4445 o.
380 4392 458 4444 1260.
479 4409 562 4444 sermo
584 4401 636 4456 est,·
656 4411 680 4446 o.
694 4393 793 4462 Haperr
811 4413 837 4448 o.
860 4396 928 4446 1228
949 4412 1004 4461 sqq.
