3122 4978
297 436 348 484 150
430 433 619 485 CHRONICA
639 433 751 485 REGIA
771 429 1024 486 communem,
1044 431 1147 484 CONT.
1167 431 1198 482 Δ.
1218 403 1298 481 il90.

693 607 863 671 Benenato
884 607 908 659 Ι.
928 615 953 659 et
971 606 1014 658 ΙΙ.

295 721 327 777 et
348 712 596 795 considerantes,
617 711 704 798 quod
724 711 841 798 gladiis
862 712 916 776 via
938 707 1083 797 paranda
1104 719 1197 791 esset,
1225 709 1342 773 animis
1364 730 1415 773 ac-

295 798 383 862 censi
418 817 562 882 pugnam
599 805 828 860 conseruerunt
863 807 895 861 et
927 804 1068 879 stragem
1103 794 1235 858 multam
1272 794 1414 858 hostium
1476 821 1486 848 ·.

295 882 449 960 fecerunt,
486 879 561 946 licet
590 881 686 946 etiam
717 879 849 966 plurimi
880 881 1024 966 ipsorum
1058 878 1308 944 debilitarentur.
1362 877 1414 942 Ibi

295 966 393 1028 ctiam
424 965 626 1050 imperatoris
648 964 732 1028 filius
754 965 939 1030 Fridericus
962 964 1030 1028 dux
1054 963 1191 1028 Sueviae
1225 961 1414 1046 afundibu-

294 1047 375 1113 lario
397 1048 526 1114 duobus
541 1048 692 1113 dentibus
713 1049 877 1113 mutilatus
900 1059 957 1113 est.
1003 1047 1086 1112 Aeta
1108 1058 1183 1111 sunt
1204 1056 1312 1111 autem
1334 1045 1414 1112 haec

192 1132 430 1201 narrabimus
468 1144 541 1198 ante
574 1143 793 1218 pentecosten.
857 1133 1041 1218 Progressis
1073 1131 1149 1197 inde
1182 1131 1282 1194 Turci
1314 1130 1415 1194 multa

295 1216 380 1280 mala
401 1217 524 1282 eisdem
546 1218 756 1303 ingesserunt,
790 1221 851 1282 iter
879 1239 990 1281 eorum
1012 1218 1216 1302 insequentes
1239 1236 1359 1300 eosque
1382 1224 1415 1279 et

296 1303 439 1366 iumenta
467 1323 579 1366 eorum
612 1302 736 1387 sagittis
765 1300 978 1367 debilitantes.
1024 1299 1175 1365 Secunda
1202 1310 1309 1364 autem
1335 1300 1416 1364 feria

194 1399 241 1440 Har·
249 1401 285 1442 14·
319 1394 370 1450 ost
402 1394 619 1470 pentecosten,
649 1406 722 1448 cum
749 1387 814 1449 iam
846 1386 931 1448 fama
952 1384 1189 1470 percrebuisset
1209 1385 1243 1447 in
1266 1383 1415 1448 omnibus

104 1537 107 1544 ,
294 1408 412 1532 Gnibus
449 1469 629 1533 'lurcorum
636 1518 644 1552 ,
681 1468 768 1555 quod
804 1471 965 1534 exercitus
1001 1468 1246 1532 christianorum
1282 1466 1416 1531 multam

298 1563 440 1636 stragem
455 1555 500 1618 eis
515 1551 709 1635 intulissent,
724 1563 835 1618 mutuo
856 1576 890 1619 se
906 1553 1118 1632 cohortantes,
1139 1554 1173 1616 in
1196 1574 1294 1616 manu
1309 1550 1416 1616 valida

295 1645 521 1718 convenerunt,
544 1646 580 1700 ut
593 1637 752 1702 auxilium
768 1638 893 1703 soltano
917 1637 1036 1702 ferrent
1058 1646 1090 1701 et
1104 1635 1259 1702 ultionem
1283 1657 1416 1700 suorum

294 1720 446 1786 facerent.
490 1721 567 1807 lpsa
599 1731 707 1787 autem
740 1721 792 1786 die
825 1723 999 1801 christiani,
1036 1743 1128 1807 spem
1161 1743 1251 1785 suam
1279 1721 1313 1784 in
1342 1720 1415 1784 Deo
1502 1727 1512 1744 '

296 1805 431 1891 figentes
446 1814 478 1870 et
492 1805 623 1870 beatum
635 1805 815 1891 Georgium
830 1809 1027 1887 invocantes,
1049 1815 1098 1870 ter
1114 1805 1277 1889 congressi
1290 1804 1415 1888 Turcis,

297 1889 456 1953 infinitam
487 1899 627 1974 stragem
667 1891 811 1956 fecerunt
848 1891 969 1976 absque
1009 1889 1075 1954 ulla
1115 1891 1163 1952 sui
1196 1889 1418 1953 diminutione.

295 1972 424 2054 Quibus
447 1983 555 2037 autem
577 1972 668 2038 Deus
690 1975 831 2040 revelare
861 1975 970 2052 voluit,
999 1975 1071 2060 ipsa
1097 1973 1150 2038 die
1171 1973 1322 2037 viderunt
1342 1973 1417 2039 bea-

296 2067 366 2120 tum
388 2056 565 2142 Georgium
588 2081 663 2123 cum
693 2056 898 2124 multitudine
930 2058 1111 2123 albatorum
1143 2059 1233 2144 equis
1261 2055 1343 2121 albis
1370 2058 1417 2120 in-

295 2140 478 2205 sedentium
493 2141 584 2206 albos
603 2141 757 2229 clyppeos
771 2145 975 2229 preferentes,
990 2143 1159 2228 insignitos
1175 2142 1267 2228 signo
1282 2141 1417 2205 Domini

294 2225 386 2290 rubei
422 2223 548 2290 coloris.
607 2227 672 2307 Qui
709 2229 805 2291 etiam
842 2227 925 2291 sub⁸
962 2229 1141 2291 iuramento
1178 2225 1415 2307 asseverabant,

295 2309 432 2374 eundem
454 2310 587 2375 beatum
603 2309 780 2396 Georgium
801 2311 903 2375 filium
925 2310 1040 2375 soltaui
1061 2311 1191 2374 nomine
1210 2307 1384 2393 Mylchinb·
1395 2322 1416 2390 ¹,

295 2394 352 2541 gui
373 2392 491 2492 prefuit
512 2394 638 2477 Turcis,
672 2394 785 2459 lancea
807 2417 903 2480 quam
931 2393 1056 2460 ferebat
1077 2394 1118 2459 ab
1142 2417 1224 2480 equo
1248 2393 1412 2458 deiecisse.

320 2479 352 2541 ic
380 2499 415 2539 m
436 2478 612 2563 perniciem
635 2478 814 2543 'lurcorum
842 2501 916 2543 cum
945 2479 1154 2562 desevissent,
1183 2479 1308 2543 fautore
1329 2477 1412 2553 Dec,

191 2561 397 2632 narranostri
436 2562 467 2625 4.
501 2561 581 2626 feria
617 2573 775 2628 venerunt
814 2564 856 2627 ad
895 2573 1014 2640 ortum,
1048 2564 1104 2649 qui
1136 2573 1210 2628 ante
1250 2563 1413 2627 civitatem

295 2644 457 2709 Yconium
485 2647 564 2710 situs
592 2655 669 2730 erat,
697 2646 754 2711 ubi
776 2649 938 2732 aggrestia
966 2647 1117 2712 animalia
1146 2647 1263 2711 soltani
1288 2646 1413 2710 inclusa

294 2728 521 2813 pascebantur.
565 2730 703 2795 Perinde
732 2733 915 2817 imperator,
949 2730 1082 2796 consilio
1112 2753 1186 2795 oum
1207 2731 1274 2796 suis
1300 2729 1411 2795 habito

293 2815 360 2876 fere
392 2834 494 2898 usque
524 2813 565 2876 ad
591 2817 694 2879 noctis
727 2815 878 2896 medium,
917 2838 997 2902 quos
1026 2816 1068 2880 ad
1096 2815 1302 2901 optinendam
1335 2815 1412 2878 civi-

293 2906 391 2962 tatem
418 2898 626 2982 premitteret,
663 2900 804 2964 decrevit
833 2900 947 2964 ducem
978 2900 1126 2982 Sueviae,
1162 2899 1263 2963 filium
1291 2897 1420 2982 scilicet,

293 3003 398 3063 suum,
421 2990 453 3045 et
474 2983 623 3047 comitem
644 2982 836 3048 Hollandiae
857 2984 1056 3049 Florentium
1083 2985 1212 3048 nomine
1242 2983 1283 3047 ad
1313 3005 1413 3068 expu-

292 3067 478 3150 gnationem
494 3067 631 3131 civitatis
648 3069 783 3147 mittere,
806 3069 925 3153 ipsein
948 3069 1059 3134 eastris
1081 3069 1215 3132 insidias
1231 3067 1412 3131 Turoorum

293 3150 403 3234 sagaci
425 3151 531 3214 animo
555 3152 711 3250 operiens.
754 3152 835 3215 Dux
848 3161 957 3218 autem
973 3153 1109 3218 Sueviae
1132 3174 1203 3215 cum
1220 3150 1412 3238 sequacibus

294 3233 404 3322 [suist]
427 3243 463 3298 ut
484 3233 527 3297 ad
550 3236 711 3301 crvitatem
738 3238 835 3319 venit,
859 3237 1050 3323 impertesus
1075 3237 1205 3317 laboris,
1230 3235 1347 3322 -qui
1371 3257 1412 3320 pe

292 3327 360 3381 tota
381 3327 476 3381 nocte
502 3317 636 3405 pluerat,
670 3332 702 3385 et
734 3324 810 3406 equi
839 3343 881 3385 ex
910 3323 1058 3406 congerie
1086 3320 1144 3384 luti
1166 3319 1303 3384 multum
1324 3257 1412 3383 labo·

291 3403 463 3466 reuerent(¹
491 3443 533 3452 -
562 3402 717 3468 invadens
745 3405 910 3468 civitatem
942 3406 1092 3490 optinuit,
1126 3403 1238 3468 obvios
1267 3425 1412 3489 quosque

292 3486 361 3549 aine
383 3487 588 3551 miseratione
616 3509 751 3570 necans,
781 3509 856 3552 cum
882 3498 974 3574 pater
1003 3491 1071 3554 eius
1099 3490 1274 3574 imperator
1294 3488 1410 3552 Turcis

291 3579 377 3634 retro
399 3568 605 3635 molientibus
627 3571 760 3636 insidias
783 3572 955 3636 efficaciter
968 3575 1132 3638 resisteret
1146 3583 1178 3637 et
1192 3593 1287 3658 quam
1304 3570 1412 3656 plures

292 3674 335 3717 ex
364 3655 410 3717 eis
437 3665 663 3741 prosterneret.-
717 3655 840 3721 Videns
873 3667 981 3722 autem
1013 3656 1154 3722 soltanus
1186 3657 1350 3720 interitum
1382 3665 1413 3720 et

292 3735 538 3802 destitucionem
566 3761 697 3803 suorum
725 3761 850 3804 necnon
877 3749 908 3806 et
935 3741 1096 3807 civitatem
1124 3749 1268 3826 captam,
1298 3740 1413 3825 petivit

291 3819 334 3885 ab
356 3821 549 3906 imperatore
572 3823 702 3888 dextras
730 3825 793 3890 sibi
814 3824 894 3907 dari,
924 3825 1085 3910 spondens
1113 3848 1147 3889 se
1174 3825 1236 3909 ipsi
1259 3823 1412 3888 ducatum

291 3903 493 4052 pmmbiturum
515 3915 546 3970 et
572 3907 606 3970 in
634 3907 823 3972 necessariis
853 3908 1035 3997 quibusque
1067 3910 1162 3975 rebus
1200 3907 1412 3993 profuturum.

343 3997 472 4073 perator
490 3998 597 4054 autem
611 3989 712 4056 habiti
726 3990 845 4057 laboris
868 4015 910 4058 ex
932 3994 1043 4059 itinere
1065 4015 1131 4058 non
1153 3995 1328 4074 inmemor,
1351 4013 1412 4057 neo

292 4079 397 4135 tutum
429 4073 494 4137 suis
523 4095 583 4138 nec
616 4075 677 4141 sibi
702 4085 865 4162 reputans,
899 4077 926 4141 si
959 4100 1064 4143 moras
1097 4077 1176 4143 ullas
1208 4087 1350 4141 necteret
1380 4087 1412 4141 ct

292 4233 315 4285 a)
333 4236 443 4336 etnam.
522 4235 546 4287 b)
563 4237 653 4278 Mtlhirn
668 4249 725 4280 corr.
742 4240 846 4280 Milchim
863 4242 903 4284 02.
987 4240 1008 4292 c)
1025 4243 1080 4282 deest
1096 4243 1140 4284 01.
1157 4243 1178 4283 2.
1254 4240 1276 4292 d)
1292 4240 1413 4280 laborave-

293 4304 338 4333 run
402 4327 407 4337 .

295 4421 324 4490 1)
344 4425 522 4480 Melet-slot.
