2988 5058
308 366 463 419 uramur
483 365 732 420 conrrnumuo
752 336 1006 420 cononicusrs.
1163 363 1216 415 sos

85 535 232 600 ecclesie
256 532 466 616 Oolouiensis,
490 534 642 598 Susatum
665 534 811 617 divertit3
839 555 877 598 ac
901 555 1006 599 comes
1029 533 1122 598 solita
1144 553 1216 597 con-

85 618 222 684 stancia
257 620 437 683 exercitum
474 619 640 704 copiosum
671 617 839 700 coadunat,
876 617 982 683 archia
1006 618 1154 704 iscopum
1186 625 1218 682 et

86 725 173 768 suos
196 702 237 767 ad
252 701 372 768 bellum
387 701 604 788 provocando.
649 701 714 768 Sed
728 703 972 788 archiepiscopo
983 640 1093 766 locum
1107 721 1218 788 pugne

85 808 301 887 nequaquam
335 786 441 868 dante,
479 808 587 852 comes
616 795 648 851 et
676 787 727 850 sui
758 794 832 872 post
860 786 982 873 aliquot
1013 786 1080 850 dies
1114 785 1218 871 digre

86 871 238 937 druntur.
282 872 557 957 Archiepiscopus
579 880 687 935 autem
714 871 866 936 absencia
894 871 1018 936 comitis
1048 871 1218 952 animatus,

86 965 216 1020 terram
238 957 339 1042 ipsius
368 957 671 1020 circumiacentem⁸
692 954 850 1020 hostiliter
876 955 1009 1036 invadit,
1036 954 1159 1040 rapinis
1188 964 1220 1019 et

86 1040 255 1104 incendiis
285 1047 401 1104 cuncta
428 1038 635 1105 devastando.
678 1037 718 1104 In
746 1037 860 1105 eadem
882 1039 1094 1125 expedicione
1116 1036 1219 1102 archi-

88 1125 271 1272 episcopus
297 1123 340 1188 ad
369 1133 513 1189 extrema
543 1122 666 1188 ibidem
697 1125 854 1209 pervenit,
888 1132 920 1189 at
950 1122 1072 1209 aliquot
1104 1121 1219 1187 diebus

89 1207 217 1273 decum
242 1230 308 1289 ens,
342 1208 450 1294 sepius
479 1209 512 1272 in
540 1207 724 1272 infirmitate
747 1207 859 1273 eadem
884 1207 1112 1272 comunicavit.
1156 1205 1220 1270 Oui

89 1313 171 1356 cum
204 1314 224 1356 a
251 1285 433 1358 confessore
465 1313 525 1356 suo
561 1291 659 1356 fratre
692 1292 817 1357 Minore
852 1293 968 1356 iterum
1010 1291 1217 1356 comunicare

88 1375 217 1441 volenti
238 1375 408 1459 diceretur,
435 1397 499 1440 non
529 1397 610 1462 opus
640 1397 710 1440 esse
738 1375 948 1441 eukaristiam
977 1397 1054 1461 sepe
1081 1397 1219 1456 sumere,

89 1459 233 1527 verbum
261 1463 416 1526 memoria
448 1460 584 1560 dignum
615 1460 795 1546 respondit:
829 1461 958 1524 ‘Anima
989 1481 1062 1524 mea
1090 1458 1220 1524 affectat

90 1545 158 1608 hoc
175 1555 421 1627 sacramentum,
445 1567 521 1630 qula
534 1544 657 1609 bonum
672 1555 720 1610 est
734 1546 911 1627 viaticum'3
935 1554 967 1609 et
987 1545 1032 1609 ita
1047 1543 1218 1608 defunctus

93 1631 156 1709 est,
191 1650 265 1692 cum
297 1630 433 1695 sedisset
460 1631 545 1693 circa
576 1650 677 1693 annos
706 1637 787 1710 octo,
820 1629 853 1691 in
882 1628 995 1692 eadem
1020 1627 1151 1692 civitate
1184 1628 1218 1690 in
1229 1651 1295 1694 ram.

94 1710 236 1778 ecclesia
267 1711 354 1778 beati
383 1713 535 1778 Patroclii
566 1713 704 1776 martiris
736 1710 922 1792 tumulatus,
953 1722 1107 1795 regnante
1140 1733 1218 1795 rege

93 1797 316 1862 Romanorum
324 1795 512 1862 Adelberto.
534 1797 613 1860 Post
625 1798 715 1860 cuius
731 1795 899 1860 decessum
911 1797 945 1858 in
959 1793 1105 1880 eligendo
1117 1793 1219 1858 archi-

96 1881 253 1967 episcopo
283 1879 467 1945 Coloniensi
499 1878 632 1965 grandis
663 1879 819 1944 dissensio
853 1880 936 1944 inter
961 1877 1115 1943 electores
1149 1889 1220 1942 orta

97 1975 163 2040 est,
198 1964 391 2049 quibusdam
417 1973 495 2029 vota
527 1985 585 2028 sua
616 1964 671 2027 inl
693 1963 885 2028 Heinricum
917 1963 957 2027 de
979 1962 1220 2046 Wirnenhurg⁰

94 2049 299 2135 prepositum
322 2047 456 2113 ecclesie
479 2049 610 2112 maioris
631 2049 666 2111 in
688 2045 823 2112 Colonia
844 2048 1118 2130 transferentibus,
1147 2046 1219 2111 aliis

96 2137 133 2198 in
169 2133 371 2218 prepositum
407 2133 613 2196 Bunnensem
648 2131 878 2216 Reynhardum
921 2131 961 2196 de
998 2132 1220 2213 Westerbur,

97 2217 232 2282 fratrem
255 2215 411 2302 Sigefridi
438 2215 672 2301 archiepiscopi
696 2214 910 2296 Coloniensis,
940 2216 1054 2280 ceteris
1083 2215 1117 2278 in
1140 2153 1220 2280 Wil-

98 2301 242 2367 helmum
276 2301 466 2366 canonicum
498 2301 628 2364 maioris
658 2299 812 2380 ecclesie,
843 2297 944 2363 filium
972 2299 1098 2363 comitis
1125 2297 1221 2362 Iulia-

99 2386 214 2468 censis,
252 2387 342 2449 cuius
374 2395 467 2472 pater
500 2395 532 2450 et
564 2407 643 2450 avus
673 2383 870 2470 Aquisgrani
906 2384 1103 2448 interierunt.
1155 2381 1222 2446 Sed

97 2470 186 2536 idem
205 2469 400 2535 Wilhelmus
420 2491 486 2535 non
513 2467 613 2533 multo
635 2477 709 2554 post
739 2470 774 2531 in
803 2467 895 2549 bello,
929 2467 1038 2554 quodd
1060 2467 1222 2552 Flamingi

101 2553 258 2618 adversus
280 2576 390 2639 regem
411 2555 548 2618 Francis
570 2561 789 2638 susceperant,
819 2552 944 2617 fortiter
971 2549 1094 2616 ibidem
1121 2573 1141 2614 a
1165 2573 1221 2615 ens

100 2638 239 2720 interiit;
261 2637 326 2702 duo
341 2658 417 2703 vero
440 2639 627 2724 superstites
648 2637 689 2702 ad
712 2637 833 2701 curiam
855 2635 1113 2722 proficiscuntur.
1187 2633 1221 2700 bi

101 2744 121 2786 a
142 2720 236 2786 beate
257 2723 409 2786 memorie
431 2721 606 2786 Benedicto
634 2743 720 2808 papa
740 2720 913 2786 Heinricus
939 2720 979 2786 de
1001 2719 1222 2804 Wimenburg

101 2804 209 2892 palliis
238 2804 358 2870 honore
387 2805 523 2869 donatus
552 2813 644 2887 esset,
672 2807 700 2870 si
726 2828 791 2870 non
818 2807 979 2871 inmatura
1005 2814 1110 2870 morte
1134 2802 1222 2870 idem

101 2889 248 2976 pontifex
261 2898 434 2974 preventus
445 2889 567 2953 fuisset.
606 2887 672 2953 Sed
687 2912 706 2953 a
721 2888 887 2954 Clemente
904 2890 1016 2975 quinto
1031 2910 1128 2975 papa,
1152 2908 1222 2952 suc·

3 2983 5 2986 ’
104 2995 229 3040 cessore
245 2972 420 3055 Benedicti,
442 2972 613 3038 Heinricus
636 2974 670 3035 in
692 2972 891 3059 archiepisco
916 2996 970 3037 um
993 2981 1298 3037 consecraturlrsos.

105 3059 191 3124 etin
236 3079 293 3121 ace
316 3079 389 3121 cum
411 3054 501 3144 pallii
522 3057 642 3121 honore
665 3056 844 3121 dimittitur.
889 2996 1018 3136 &canta
1039 3066 1148 3121 autem
1175 3055 1221 3119 ibi

104 3080 292 3228 expenderit
314 3140 364 3206 vel
387 3141 564 3223 donaverit,
596 3139 786 3205 exacciones
813 3143 848 3205 in
870 3138 992 3205 clerum
1020 3141 1117 3225 quasf
1145 3139 1222 3204 fecit

106 3226 324 3292 demonstrant
332 3237 355 3289 Β.

185 3312 288 3396 Igitur
323 3332 383 3374 rex
415 3306 610 3374 Adelbertus
647 3307 843 3389 Iohannem,
879 3307 980 3371 filium
1017 3306 1124 3371 fratris
1161 3307 1222 3388 sui,

105 3394 218 3459 ducem
247 3394 432 3475 Alemanie‚
465 3402 598 3479 propter
629 3391 803 3457 iuvenilem
833 3392 901 3456 eius
937 3399 1054 3456 etatem
1081 3398 1162 3475 aput
1188 3411 1222 3454 se

105 3479 233 3544 honeste
261 3479 398 3543 detinuit
426 3487 459 3542 et
508 3498 550 3541 uo
578 3474 777 3541 adolesceret
828 3475 1007 3540 revinciam
1032 3474 1120 3538 illam
1147 3497 1222 3560 pru·

106 3560 305 3648 denciorihus
321 3499 564 3647 gubernandam
581 3561 750 3625 commisit.
826 3559 889 3625 nde
904 3560 1064 3623 Iohannes
1079 3559 1221 3623 irritatus

106 3654 136 3710 et
160 3644 252 3710 malis
283 3645 539 3710 consiliatoribus
567 3667 655 3727 usus,
691 3667 800 3730 regem
822 3642 1044 3727 Adelbertum,
1071 3653 1221 3728 patruum

106 3752 206 3811 suum,
238 3728 338 3794 nichil
366 3732 472 3794 minus
505 3729 740 3814 suspicantem,
774 3729 875 3815 proch
905 3727 1010 3793 dolor!
1051 3727 1220 3792 interfecit.
1232 3757 1298 3800 1³0⁸,

107 3814 168 3894 Qui
182 3813 337 3913 profugus
353 3823 385 3879 et
407 3812 482 3878 exul
504 3815 538 3876 in
559 3812 652 3879 Italia
674 3813 804 3899 degens,
826 3813 957 3878 tandem
978 3810 1100 3875 ibidem
1121 3813 1220 3877 vitam

107 3897 221 3981 finivrt3
255 3899 346 3962 cuius
378 3906 410 3962 et
442 3920 551 3962 omnes
584 3896 757 3984 complices
786 3918 807 3960 a
832 3896 906 3961 filiis
936 3895 1103 3961 Adelberti
1134 3897 1221 3980 regis
1232 3919 1299 3960 roro.
1391 3913 1397 3918 ·

107 3981 186 4132 pala
217 3991 318 4046 morte
352 3984 536 4068 consumpti
565 3990 655 4064 sunt,
687 3991 719 4047 et
746 3981 853 4046 omnia
882 3981 927 4046 eis
957 3982 1131 4046 attinencia
1152 3981 1222 4045 lun-

128 4068 188 4132 itus
211 4087 334 4132 eversa.

109 4228 129 4280 a)
144 4231 341 4272 circumlatentem
357 4241 375 4272 c.
415 4229 438 4282 b)
455 4231 481 4270 ln
495 4231 567 4280 suppl.
607 4228 628 4282 c)
646 4230 674 4270 de
682 4229 841 4279 Wirnenburg
853 4234 905 4280 post
920 4227 1113 4271 transferentibus
1129 4226 1190 4266 hebet
1206 4238 1224 4267 ο.

107 4288 129 4341 d)
144 4301 187 4338 quo
202 4301 220 4332 e.
281 4288 303 4342 e)
321 4291 380 4340 palli
395 4301 421 4337 a,
438 4290 500 4330 etiam
515 4289 586 4340 trisse.
645 4289 737 4342 llquas
752 4289 856 4339 supplevi.
918 4288 942 4342 g)
959 4287 1127 4330 demonstravit
1141 4297 1159 4326 a.

111 4405 136 4474 1)
155 4405 192 4474 Of.
207 4407 321 4460 Levoldt'
340 4409 430 4460 chron.
450 4424 514 4460 eom.
534 4407 567 4460 de
586 4406 692 4471 Marcu,
712 4424 759 4474 cp.
779 4406 892 4460 Methora
911 4407 936 4472 I,
953 4424 983 4474 p.
1006 4406 1068 4456 396.
