3098 4982
515 1341 637 1409 ‘PARS
659 1342 868 1409 SEPTIMA.

351 1449 519 1505 Gontinaotio
540 1460 638 1518 quarta
658 1452 699 1515 (S.
720 1452 893 1504 Pantalcoais
915 1453 1025 1519 ultera).

382 1556 531 1620 Primusa
553 1578 655 1619 annus
676 1556 805 1642 imperii
826 1556 993 1622 Friderici.

345 1659 462 1723 Annos
485 1657 664 1722 dominice⁰
685 1658 914 1724 incarnationis
940 1659 1031 1742 1220,

127 1744 169 1808 ab
192 1743 282 1808 Urbe
311 1751 419 1807 autem
447 1741 578 1806 condita
602 1742 693 1823 1971,
729 1741 885 1828 conpletis
913 1743 955 1808 ab
985 1744 1107 1829 origine
1135 1744 1248 1808 mundi

126 1828 218 1892 annis
240 1849 298 1892 sex
320 1826 450 1890 milibus
498 1825 740 1911 uadringentisl
768 1827 880 1891 decem
908 1837 941 1891 et
966 1849 1092 1912 novem,
1124 1837 1251 1893 mortuo

128 1911 245 1977 Ottone
272 1912 464 1996 inperatore,
524 1909 681 1974 ridericus
709 1933 768 1974 rex
799 1911 1008 1994 nonagesimo
1039 1913 1150 1996 quinto
1179 1912 1250 1977 loco

126 1995 168 2060 ab
182 1996 331 2080 Augusto
353 1995 387 2058 in
401 2015 500 2078 regno
517 1995 732 2078 confirmatus,
750 1993 968 2058 Frankinvort
986 1997 1108 2060 curiam
1123 1995 1250 2079 habuit,

126 2078 184 2142 ubi
213 2079 456 2143 commendato⁰
483 2077 550 2141 filio
573 2100 631 2142 suo
653 2078 808 2142 Heinrico
829 2079 1046 2165 principibus,
1074 2091 1107 2146 et
1133 2079 1174 2144 ab
1203 2083 1250 2145 eis

126 2161 256 2226 licentia
276 2173 419 2249 accepta,
432 2163 569 2227 Romam
583 2162 807 2248 proficiscitur.
840 2163 955 2250 ibique
970 2185 990 2226 a
1004 2165 1149 2228 Romano
1172 2186 1250 2249 pon·

86 2307 87 2312 ,
126 2247 213 2312 tifice
229 2247 372 2311 Honorio
394 2257 426 2312 et
447 2248 534 2310 omni
556 2257 669 2312 senatu
684 2246 859 2311 honorifice
881 2255 1048 2332 susceptus
1056 2249 1075 2331 f,
1097 2249 1131 2311 in
1145 2247 1250 2313 festos

127 2339 235 2396 sancte
258 2330 379 2396 (lecilie
400 2333 434 2394 in
454 2333 671 2416 inperatorem
694 2339 907 2397 consecratur.
1259 2342 1359 2386 Nor-²2·

211 2415 369 2502 [Eodemh
385 2437 468 2479 anno
483 2424 627 2480 mortuus
639 2427 687 2481 est
698 2415 870 2479 Heinricus
886 2415 1046 2480 secundus
1062 2417 1154 2480 istius
1164 2415 1245 2480 loci¹

126 2498 240 2583 abbas,
270 2510 301 2564 et
329 2502 484 2564 successit
509 2501 628 2565 tercius
657 2500 845 2582 Heinricus,
866 2499 964 2564 frater
989 2501 1132 2565 eiusdem
1162 2499 1248 2590 lucil.

379 2594 438 2679 [21
460 2593 586 2682 annus].
628 2591 723 2656 Anno
745 2591 880 2656 Domini
903 2595 993 2658 1221.

210 2675 440 2740 Lamentabilis
454 2699 564 2741 rumor
586 2684 618 2739 et
639 2676 738 2742 tristis
760 2674 840 2740 tuba
862 2678 949 2741 omni
972 2675 1049 2741 orbe
1072 2675 1246 2740 christiano

126 2758 284 2822 insonuit:
311 2759 498 2824 Damiatam
521 2759 653 2839 scilicet,
682 2782 779 2860 quam
802 2760 968 2825 christiani
990 2783 1116 2826 summo
1138 2759 1248 2826 labore

127 2853 160 2907 et
181 2841 356 2906 multorum
383 2845 576 2928 sanguinum
604 2844 758 2909 effusmne
786 2856 940 2930 ceperant
968 2853 1000 2909 et
1027 2845 1247 2932 possederant,

126 2925 259 2991 soldano
276 2924 444 2992 Babilonia
466 2926 624 2991 redditam
645 2927 753 2992 fuisse.
788 2928 906 3007 Quodk
921 2927 978 2993 tali
993 2930 1089 2994 modo
1112 2931 1248 2994 evenit².

126 3009 181 3074 Ad
201 3011 387 3075 instantiam
409 3020 441 3076 et
461 3009 624 3075 hortatum
645 3010 744 3097 legati
765 3011 850 3075 sedis
866 3013 1041 3096 apostolice
1058 3023 1249 3079 ceterorum-

128 3116 191 3181 que
211 3096 390 3180 primorum
424 3094 589 3159 christiani
616 3093 658 3157 ad
687 3093 824 3159 ducenta
851 3093 939 3158 milia
966 3097 1152 3160 Damiatam
1175 3106 1250 3162 sunt

127 3181 260 3262 egressi,
297 3181 446 3265 copiosas
478 3201 576 3243 naves
610 3200 685 3241 cum
716 3176 910 3244 victualibus
944 3201 1053 3244 secum
1083 3181 1248 3264 ducentes,

127 3263 246 3346 Kaer⁸,
270 3286 333 3350 que
354 3275 386 3329 et
400 3260 570 3328 Babilonia
592 3262 720 3344 dicitur,
741 3263 863 3347 regiam
886 3263 1059 3347 civitatem,
1082 3286 1249 3349 expugna

127 3348 201 3412 turi.
251 3347 503 3428 Quatuordecim
535 3347 600 3411 fere
629 3345 766 3410 miliaria
804 3357 1027 3431 processerant
1064 3347 1106 3410 ad
1144 3347 1249 3411 locum

128 3431 186 3496 ubi
212 3431 304 3496 Nilus
327 3434 377 3496 in¹
405 3432 469 3496 duo
490 3431 623 3496 brachia
650 3430 834 3513 dividitur⁴,
867 3453 1004 3517 quorum
1030 3454 1113 3495 unus
1135 3452 1249 3495 versus

127 3514 360 3580 Alexandriam
392 3517 504 3598 tendit,
539 3516 649 3603 ibique
680 3525 813 3601 pontem
843 3523 991 3579 extruere
1020 3514 1249 3600 anticipabant.

128 3598 174 3662 At
194 3599 354 3680 soldanus,
377 3601 438 3665 hoc
461 3610 624 3685 conperto,
648 3621 720 3663 curn
741 3597 849 3664 valida
870 3620 968 3662 manu
989 3599 1196 3684 Egiptiorum
1218 3609 1251 3665 et

128 3681 265 3746 aliorum
286 3684 454 3769 gentilium
477 3686 522 3748 eis
545 3705 725 3765 occurrens,
748 3705 829 3768 opus
851 3683 1015 3769 inceptum
1037 3683 1196 3769 inpedivit
1218 3694 1250 3750 et

130 3861 155 3914 a)
168 3865 204 3904 Do
225 3865 348 3904 Proderico
373 3868 393 3907 1.
417 3878 492 3906 annus
509 3866 555 3915 013
578 3867 655 3906 aarum
676 3864 718 3904 02.
808 3864 833 3917 b)
854 3865 901 3904 ulla
920 3876 989 3905 manu
1011 3877 1091 3906 coma
1112 3867 1182 3916 pergit
1197 3867 1248 3907 Bl.

130 3923 151 3975 c)
168 3925 235 3965 Dom.
253 3926 316 3964 1220.
333 3926 373 3965 01.
439 3925 463 3975 d)
480 3926 643 3975 quadingsntis
659 3925 705 3965 Bl.
782 3923 804 3976 s)
819 3929 928 3964 coronato
944 3936 1001 3964 corr.
1022 3926 1182 3965 commendato
1199 3926 1249 3967 Bl.

129 3981 149 4035 f)
169 3988 275 4034 receptus
297 3986 315 4024 0
322 3985 340 4024 1.
356 3986 376 4025 2.
456 3984 479 4034 g)
496 3986 551 4024 deest
573 3986 618 4025 02.
697 3981 721 4033 h)
744 3985 795 4023 haee
816 3985 841 4023 ta
860 3985 957 4033 marcias
979 3985 1084 4024 rutmors
1104 3985 1183 4025 codicis
1204 3985 1251 4025 alta

129 4053 198 4082 manu
213 4053 268 4082 socc.
284 4042 348 4082 XIII.
365 4054 444 4082 coaeva
464 4044 575 4091 addan
597 4043 635 4082 Bt
655 4047 704 4092 post
720 4043 799 4082 decem
817 4045 840 4083 et
855 4053 938 4083 novem
954 4044 1061 4094 inseruit,
1076 4044 1152 4084 desum
1169 4043 1216 4085 01.
1228 4045 1249 4084 2.

129 4100 148 4154 i)
165 4101 208 4145 aa.
224 4103 243 4141 B
253 4103 273 4141 1.
290 4101 331 4143 02.
392 4100 416 4153 k)
432 4103 479 4140 alia
493 4107 517 4141 ut
531 4103 616 4141 videtur
630 4112 698 4141 manu
710 4102 782 4151 pergit
798 4102 817 4140 B
827 4103 847 4141 1.
906 4099 925 4151 l)
939 4102 968 4142 ad
985 4103 1026 4144 02.

133 4251 161 4316 1)
185 4250 279 4303 Sancti
302 4251 481 4305 Pantalcoaia.
583 4251 611 4318 2)
631 4251 708 4304 Haec
734 4269 792 4302 oum
821 4250 920 4304 Oliocri
948 4253 1061 4305 historia
1085 4253 1195 4306 nonnisi
1219 4254 1249 4305 in

130 4322 285 4376 universum
298 4327 465 4390 conveniunt,
485 4342 517 4378 aa
534 4327 599 4388 alia,
619 4334 648 4374 ut
660 4326 775 4388 videtur,
794 4326 922 4377 relatione
935 4335 1031 4378 sumta.
1107 4325 1136 4394 3)
1152 4325 1248 4379 Kaira.

131 4395 162 4463 4)
182 4396 258 4449 Haec
276 4416 329 4450 aon
348 4401 413 4452 sutis
434 4407 557 4451 accurate
576 4397 648 4450 dictu
666 4415 721 4450 esse
740 4397 842 4450 monuit
860 4397 915 4451 PL.
