<?xml version="1.0" encoding="UTF-8"?>
<!DOCTYPE html PUBLIC "-//W3C//DTD XHTML 1.0 Transitional//EN"
    "http://www.w3.org/TR/xhtml1/DTD/xhtml1-transitional.dtd">
<html xmlns="http://www.w3.org/1999/xhtml" xml:lang="en" lang="en">
 <head>
  <title>
</title>
<meta http-equiv="Content-Type" content="text/html;charset=utf-8" />
  <meta name='ocr-system' content='tesseract 3.04.00' />
  <meta name='ocr-capabilities' content='ocr_page ocr_carea ocr_par ocr_line ocrx_word'/>
</head>
<body>
  <div class='ocr_page' id='page_1' title='image "./chronicaregiaco00germgoog_0164.png"; bbox 0 0 3126 4976; ppageno 0'>
   <div class='ocr_carea' id='block_1_1' title="bbox 282 400 1331 457">
    <p class='ocr_par' dir='ltr' id='par_1_1' title="bbox 282 400 1331 457">
     <span class='ocr_line' id='line_1_1' title="bbox 282 400 1331 457; baseline 0 -4"><span class='ocrx_word' id='word_1_1' title='bbox 282 404 334 454; x_wconf 82' lang='lat'><strong>134</strong></span> <span class='ocrx_word' id='word_1_2' title='bbox 362 403 550 457; x_wconf 82' lang='lat' dir='ltr'><strong>CHRONICA</strong></span> <span class='ocrx_word' id='word_1_3' title='bbox 569 402 681 455; x_wconf 79' lang='lat' dir='ltr'><strong>REGIA</strong></span> <span class='ocrx_word' id='word_1_4' title='bbox 701 402 952 456; x_wconf 78' lang='lat' dir='ltr'><strong>COLONIENSIS.</strong></span> <span class='ocrx_word' id='word_1_5' title='bbox 972 402 1076 453; x_wconf 80' lang='lat' dir='ltr'><strong>OONT.</strong></span> <span class='ocrx_word' id='word_1_6' title='bbox 1095 403 1127 453; x_wconf 83' lang='lat' dir='ltr'><strong>A.</strong></span> <span class='ocrx_word' id='word_1_7' title='bbox 1140 400 1331 454; x_wconf 78' lang='lat'><strong>1184-1186.</strong></span> 
     </span>
    </p>
   </div>
   <div class='ocr_carea' id='block_1_2' title="bbox 672 574 997 629">
    <p class='ocr_par' dir='ltr' id='par_1_2' title="bbox 672 574 997 629">
     <span class='ocr_line' id='line_1_2' title="bbox 672 574 997 629; baseline 0 0"><span class='ocrx_word' id='word_1_8' title='bbox 672 575 837 629; x_wconf 80' lang='lat' dir='ltr'><strong>Recensio</strong></span> <span class='ocrx_word' id='word_1_9' title='bbox 857 575 882 628; x_wconf 91' lang='grc' dir='ltr'><strong>Ι.</strong></span> <span class='ocrx_word' id='word_1_10' title='bbox 902 583 933 628; x_wconf 81' lang='lat' dir='ltr'><strong>et</strong></span> <span class='ocrx_word' id='word_1_11' title='bbox 951 574 997 629; x_wconf 87' lang='lat'><strong>11.</strong></span> 
     </span>
    </p>
   </div>
   <div class='ocr_carea' id='block_1_3' title="bbox 242 660 1407 2916">
    <p class='ocr_par' dir='ltr' id='par_1_3' title="bbox 280 660 1405 897">
     <span class='ocr_line' id='line_1_3' title="bbox 280 660 1405 750; baseline -0.004 -22"><span class='ocrx_word' id='word_1_12' title='bbox 280 686 358 730; x_wconf 90' lang='lat' dir='ltr'><strong>vero</strong></span> <span class='ocrx_word' id='word_1_13' title='bbox 380 665 519 748; x_wconf 89' lang='lat' dir='ltr'><strong>pecunia</strong></span> <span class='ocrx_word' id='word_1_14' title='bbox 540 662 684 750; x_wconf 88' lang='lat' dir='ltr'><strong>preditus</strong></span> <span class='ocrx_word' id='word_1_15' title='bbox 699 664 733 726; x_wconf 95' lang='lat' dir='ltr'><strong>in</strong></span> <span class='ocrx_word' id='word_1_16' title='bbox 748 662 875 728; x_wconf 88' lang='lat' dir='ltr'><strong>Italiam</strong></span> <span class='ocrx_word' id='word_1_17' title='bbox 897 660 1000 726; x_wconf 88' lang='lat' dir='ltr'><strong>tendit</strong></span> <span class='ocrx_word' id='word_1_18' title='bbox 1021 670 1053 725; x_wconf 89' lang='lat' dir='ltr'><strong>et</strong></span> <span class='ocrx_word' id='word_1_19' title='bbox 1074 662 1212 745; x_wconf 82' lang='lat' dir='ltr'>gratiam</span> <span class='ocrx_word' id='word_1_20' title='bbox 1234 660 1405 747; x_wconf 89' lang='lat' dir='ltr'><strong>apostolici</strong></span> 
     </span>
     <span class='ocr_line' id='line_1_4' title="bbox 282 744 1405 832; baseline -0.004 -18"><span class='ocrx_word' id='word_1_21' title='bbox 282 758 314 814; x_wconf 89' lang='lat' dir='ltr'><strong>et</strong></span> <span class='ocrx_word' id='word_1_22' title='bbox 335 747 545 812; x_wconf 82' lang='lat' dir='ltr'><strong>cardinalium</strong></span> <span class='ocrx_word' id='word_1_23' title='bbox 569 747 631 812; x_wconf 91' lang='lat' dir='ltr'><strong>sibi</strong></span> <span class='ocrx_word' id='word_1_24' title='bbox 654 745 812 811; x_wconf 89' lang='lat' dir='ltr'><strong>conciliat.</strong></span> <span class='ocrx_word' id='word_1_25' title='bbox 855 746 947 811; x_wconf 84' lang='lat' dir='ltr'>Alter</span> <span class='ocrx_word' id='word_1_26' title='bbox 961 746 1174 831; x_wconf 86' lang='lat' dir='ltr'><strong>imperatoris,</strong></span> <span class='ocrx_word' id='word_1_27' title='bbox 1197 744 1277 812; x_wconf 88' lang='lat' dir='ltr'><strong>alter</strong></span> <span class='ocrx_word' id='word_1_28' title='bbox 1298 767 1405 832; x_wconf 87' lang='lat' dir='ltr'><strong>papae</strong></span> 
     </span>
     <span class='ocr_line' id='line_1_5' title="bbox 283 831 594 897; baseline -0.003 -1"><span class='ocrx_word' id='word_1_29' title='bbox 283 831 396 897; x_wconf 89' lang='lat' dir='ltr'><strong>solatio</strong></span> <span class='ocrx_word' id='word_1_30' title='bbox 417 831 594 896; x_wconf 84' lang='lat' dir='ltr'><strong>fovebatur.</strong></span> 
     </span>
    </p>

    <p class='ocr_par' dir='ltr' id='par_1_4' title="bbox 280 912 1406 1254">
     <span class='ocr_line' id='line_1_6' title="bbox 364 912 1405 1062; baseline -0.002 -82"><span class='ocrx_word' id='word_1_31' title='bbox 364 917 543 1015; x_wconf 82' lang='lat' dir='ltr'><strong>Imperator</strong></span> <span class='ocrx_word' id='word_1_32' title='bbox 569 925 643 1002; x_wconf 88' lang='lat' dir='ltr'><strong>post</strong></span> <span class='ocrx_word' id='word_1_33' title='bbox 676 926 841 1002; x_wconf 84' lang='lat' dir='ltr'><strong>peractam</strong></span> <span class='ocrx_word' id='word_1_34' title='bbox 870 913 1098 1062; x_wconf 52' lang='lat' dir='ltr'><strong>gloriosissime</strong></span> <span class='ocrx_word' id='word_1_35' title='bbox 1128 914 1249 977; x_wconf 83' lang='lat' dir='ltr'><strong>curiam</strong></span> <span class='ocrx_word' id='word_1_36' title='bbox 1276 912 1405 978; x_wconf 87' lang='lat' dir='ltr'><strong>Italiam</strong></span> 
     </span>
     <span class='ocr_line' id='line_1_7' title="bbox 281 996 1404 1086; baseline -0.003 -20"><span class='ocrx_word' id='word_1_37' title='bbox 281 1001 361 1086; x_wconf 88' lang='lat' dir='ltr'><strong>petit</strong></span> <span class='ocrx_word' id='word_1_38' title='bbox 399 1021 483 1064; x_wconf 83' lang='lat' dir='ltr'><strong>circa</strong></span> <span class='ocrx_word' id='word_1_39' title='bbox 515 999 715 1085; x_wconf 85' lang='lat' dir='ltr'><strong>Augustum,</strong></span> <span class='ocrx_word' id='word_1_40' title='bbox 751 1008 783 1064; x_wconf 90' lang='lat' dir='ltr'><strong>et</strong></span> <span class='ocrx_word' id='word_1_41' title='bbox 814 999 868 1063; x_wconf 92' lang='lat' dir='ltr'><strong>Me</strong></span> <span class='ocrx_word' id='word_1_42' title='bbox 892 996 989 1062; x_wconf 91' lang='lat' dir='ltr'><strong>iolani</strong></span> <span class='ocrx_word' id='word_1_43' title='bbox 1025 1008 1057 1062; x_wconf 92' lang='lat' dir='ltr'><strong>et</strong></span> <span class='ocrx_word' id='word_1_44' title='bbox 1090 997 1252 1062; x_wconf 90' lang='lat' dir='ltr'><strong>interdum</strong></span> <span class='ocrx_word' id='word_1_45' title='bbox 1284 998 1404 1083; x_wconf 87' lang='lat' dir='ltr'><strong>Papiae</strong></span> 
     </span>
     <span class='ocr_line' id='line_1_8' title="bbox 280 1079 1406 1170; baseline 0.001 -24"><span class='ocrx_word' id='word_1_46' title='bbox 280 1094 439 1166; x_wconf 83' lang='lat' dir='ltr'><strong>moratur3</strong></span> <span class='ocrx_word' id='word_1_47' title='bbox 485 1105 547 1170; x_wconf 88' lang='lat' dir='ltr'><strong>apa</strong></span> <span class='ocrx_word' id='word_1_48' title='bbox 568 1105 644 1148; x_wconf 91' lang='lat' dir='ltr'><strong>vero</strong></span> <span class='ocrx_word' id='word_1_49' title='bbox 666 1084 796 1165; x_wconf 83' lang='lat' dir='ltr'><strong>Lucius,</strong></span> <span class='ocrx_word' id='word_1_50' title='bbox 825 1085 882 1168; x_wconf 92' lang='lat' dir='ltr'><strong>qui</strong></span> <span class='ocrx_word' id='word_1_51' title='bbox 908 1082 949 1146; x_wconf 92' lang='lat' dir='ltr'><strong>ad</strong></span> <span class='ocrx_word' id='word_1_52' title='bbox 977 1079 1172 1167; x_wconf 83' lang='lat' dir='ltr'><strong>colloquium</strong></span> <span class='ocrx_word' id='word_1_53' title='bbox 1200 1082 1406 1167; x_wconf 88' lang='lat' dir='ltr'><strong>imperatoris</strong></span> 
     </span>
     <span class='ocr_line' id='line_1_9' title="bbox 281 1107 1008 1254; baseline -0.003 -22"><span class='ocrx_word' id='word_1_54' title='bbox 281 1177 420 1250; x_wconf 84' lang='lat' dir='ltr'><strong>venerat,</strong></span> <span class='ocrx_word' id='word_1_55' title='bbox 441 1107 644 1232; x_wconf 74' lang='lat' dir='ltr'><strong>Placentiae¹</strong></span> <span class='ocrx_word' id='word_1_56' title='bbox 668 1168 820 1254; x_wconf 82' lang='lat' dir='ltr'><strong>hyemare</strong></span> <span class='ocrx_word' id='word_1_57' title='bbox 842 1166 1008 1252; x_wconf 81' lang='lat' dir='ltr'><strong>disposuit.</strong></span> 
     </span>
    </p>

    <p class='ocr_par' dir='ltr' id='par_1_5' title="bbox 585 1249 1103 1338">
     <span class='ocr_line' id='line_1_10' title="bbox 585 1249 1103 1338; baseline -0.004 -22"><span class='ocrx_word' id='word_1_58' title='bbox 585 1252 684 1338; x_wconf 66' lang='lat'>[34³]</span> <span class='ocrx_word' id='word_1_59' title='bbox 728 1251 824 1316; x_wconf 82' lang='lat' dir='ltr'><strong>Anno</strong></span> <span class='ocrx_word' id='word_1_60' title='bbox 846 1249 981 1315; x_wconf 91' lang='lat' dir='ltr'><strong>Domini</strong></span> <span class='ocrx_word' id='word_1_61' title='bbox 1014 1251 1103 1315; x_wconf 79' lang='lat'><strong>1185.</strong></span> 
     </span>
    </p>

    <p class='ocr_par' dir='ltr' id='par_1_6' title="bbox 280 1332 1407 2240">
     <span class='ocr_line' id='line_1_11' title="bbox 365 1332 1405 1483; baseline 0.001 -85"><span class='ocrx_word' id='word_1_62' title='bbox 365 1335 546 1433; x_wconf 87' lang='lat' dir='ltr'><strong>Imperator</strong></span> <span class='ocrx_word' id='word_1_63' title='bbox 577 1334 681 1401; x_wconf 84' lang='lat' dir='ltr'><strong>natale</strong></span> <span class='ocrx_word' id='word_1_64' title='bbox 708 1335 841 1399; x_wconf 92' lang='lat' dir='ltr'><strong>Domini</strong></span> <span class='ocrx_word' id='word_1_65' title='bbox 871 1337 1012 1421; x_wconf 88' lang='lat' dir='ltr'><strong>Papiae²</strong></span> <span class='ocrx_word' id='word_1_66' title='bbox 1050 1332 1200 1415; x_wconf 87' lang='lat' dir='ltr'><strong>celebrat,</strong></span> <span class='ocrx_word' id='word_1_67' title='bbox 1237 1334 1405 1483; x_wconf 74' lang='lat' dir='ltr'><strong>crebrique</strong></span> 
     </span>
     <span class='ocr_line' id='line_1_12' title="bbox 280 1418 1406 1505; baseline 0.001 -23"><span class='ocrx_word' id='word_1_68' title='bbox 280 1419 391 1482; x_wconf 90' lang='lat' dir='ltr'><strong>nuncii</strong></span> <span class='ocrx_word' id='word_1_69' title='bbox 422 1429 506 1483; x_wconf 87' lang='lat' dir='ltr'><strong>mter</strong></span> <span class='ocrx_word' id='word_1_70' title='bbox 540 1421 646 1504; x_wconf 88' lang='lat' dir='ltr'><strong>ipsum</strong></span> <span class='ocrx_word' id='word_1_71' title='bbox 682 1431 714 1486; x_wconf 91' lang='lat' dir='ltr'><strong>et</strong></span> <span class='ocrx_word' id='word_1_72' title='bbox 748 1442 866 1505; x_wconf 90' lang='lat' dir='ltr'><strong>papam</strong></span> <span class='ocrx_word' id='word_1_73' title='bbox 899 1428 999 1500; x_wconf 88' lang='lat' dir='ltr'><strong>erant,</strong></span> <span class='ocrx_word' id='word_1_74' title='bbox 1032 1428 1205 1503; x_wconf 87' lang='lat' dir='ltr'><strong>antequam</strong></span> <span class='ocrx_word' id='word_1_75' title='bbox 1236 1418 1278 1482; x_wconf 91' lang='lat' dir='ltr'><strong>ad</strong></span> <span class='ocrx_word' id='word_1_76' title='bbox 1311 1440 1348 1481; x_wconf 88' lang='lat' dir='ltr'><strong>oo</strong></span> <span class='ocrx_word' id='word_1_77' title='bbox 1373 1441 1406 1483; x_wconf 93' lang='lat' dir='ltr'><strong>o-</strong></span> 
     </span>
     <span class='ocr_line' id='line_1_13' title="bbox 282 1502 1407 1589; baseline 0.003 -23"><span class='ocrx_word' id='word_1_78' title='bbox 282 1504 394 1588; x_wconf 90' lang='lat' dir='ltr'><strong>quium</strong></span> <span class='ocrx_word' id='word_1_79' title='bbox 423 1502 576 1568; x_wconf 90' lang='lat' dir='ltr'><strong>venirent.</strong></span> <span class='ocrx_word' id='word_1_80' title='bbox 663 1502 764 1568; x_wconf 86' lang='lat' dir='ltr'><strong>Filius</strong></span> <span class='ocrx_word' id='word_1_81' title='bbox 800 1504 1001 1589; x_wconf 90' lang='lat' dir='ltr'><strong>imperatoris</strong></span> <span class='ocrx_word' id='word_1_82' title='bbox 1037 1504 1211 1567; x_wconf 87' lang='lat' dir='ltr'><strong>insolenter</strong></span> <span class='ocrx_word' id='word_1_83' title='bbox 1245 1523 1341 1589; x_wconf 86' lang='lat' dir='ltr'><strong>agere</strong></span> <span class='ocrx_word' id='word_1_84' title='bbox 1374 1514 1407 1569; x_wconf 88' lang='lat' dir='ltr'><strong>et</strong></span> 
     </span>
     <span class='ocr_line' id='line_1_14' title="bbox 282 1586 1407 1674; baseline 0.003 -24"><span class='ocrx_word' id='word_1_85' title='bbox 282 1609 335 1650; x_wconf 90' lang='lat' dir='ltr'><strong>res</strong></span> <span class='ocrx_word' id='word_1_86' title='bbox 372 1586 490 1652; x_wconf 89' lang='lat' dir='ltr'><strong>alienas</strong></span> <span class='ocrx_word' id='word_1_87' title='bbox 527 1587 665 1672; x_wconf 90' lang='lat' dir='ltr'><strong>diripere</strong></span> <span class='ocrx_word' id='word_1_88' title='bbox 703 1589 825 1674; x_wconf 81' lang='lat' dir='ltr'><strong>coepit3</strong></span> <span class='ocrx_word' id='word_1_89' title='bbox 862 1588 949 1652; x_wconf 90' lang='lat' dir='ltr'><strong>unde</strong></span> <span class='ocrx_word' id='word_1_90' title='bbox 983 1587 1098 1651; x_wconf 88' lang='lat' dir='ltr'><strong>crebra</strong></span> <span class='ocrx_word' id='word_1_91' title='bbox 1131 1587 1330 1672; x_wconf 87' lang='lat' dir='ltr'><strong>querimonia</strong></span> <span class='ocrx_word' id='word_1_92' title='bbox 1364 1589 1407 1653; x_wconf 89' lang='lat' dir='ltr'><strong>ad</strong></span> 
     </span>
     <span class='ocr_line' id='line_1_15' title="bbox 281 1670 1405 1770; baseline 0.001 -35"><span class='ocrx_word' id='word_1_93' title='bbox 281 1680 407 1770; x_wconf 89' lang='lat' dir='ltr'><strong>patrem</strong></span> <span class='ocrx_word' id='word_1_94' title='bbox 429 1680 466 1736; x_wconf 88' lang='lat' dir='ltr'><strong>et&#39;</strong></span> <span class='ocrx_word' id='word_1_95' title='bbox 482 1671 612 1736; x_wconf 91' lang='lat' dir='ltr'><strong>demum</strong></span> <span class='ocrx_word' id='word_1_96' title='bbox 640 1671 683 1736; x_wconf 90' lang='lat' dir='ltr'><strong>ad</strong></span> <span class='ocrx_word' id='word_1_97' title='bbox 709 1671 923 1758; x_wconf 88' lang='lat' dir='ltr'><strong>apostolicum</strong></span> <span class='ocrx_word' id='word_1_98' title='bbox 954 1670 1079 1736; x_wconf 72' lang='lat' dir='ltr'><strong>delatal&#39;</strong></span> <span class='ocrx_word' id='word_1_99' title='bbox 1107 1683 1165 1735; x_wconf 89' lang='lat' dir='ltr'><strong>est.</strong></span> <span class='ocrx_word' id='word_1_100' title='bbox 1206 1670 1300 1735; x_wconf 92' lang='lat' dir='ltr'><strong>Unde</strong></span> <span class='ocrx_word' id='word_1_101' title='bbox 1330 1693 1405 1736; x_wconf 90' lang='lat' dir='ltr'><strong>cum</strong></span> 
     </span>
     <span class='ocr_line' id='line_1_16' title="bbox 282 1753 1405 1844; baseline 0.003 -27"><span class='ocrx_word' id='word_1_102' title='bbox 282 1763 458 1841; x_wconf 87' lang='lat' dir='ltr'><strong>rmperator</strong></span> <span class='ocrx_word' id='word_1_103' title='bbox 492 1755 597 1837; x_wconf 85' lang='lat' dir='ltr'><strong>vellet,</strong></span> <span class='ocrx_word' id='word_1_104' title='bbox 638 1765 676 1821; x_wconf 88' lang='lat' dir='ltr'><strong>ut</strong></span> <span class='ocrx_word' id='word_1_105' title='bbox 710 1755 869 1844; x_wconf 92' lang='lat' dir='ltr'><strong>imperiali</strong></span> <span class='ocrx_word' id='word_1_106' title='bbox 904 1753 1129 1822; x_wconf 89' lang='lat' dir='ltr'><strong>benedictione</strong></span> <span class='ocrx_word' id='word_1_107' title='bbox 1169 1753 1405 1839; x_wconf 85' lang='lat' dir='ltr'><strong>sublimaretur,</strong></span> 
     </span>
     <span class='ocr_line' id='line_1_17' title="bbox 282 1838 1406 1938; baseline 0.002 -36"><span class='ocrx_word' id='word_1_108' title='bbox 282 1838 384 1903; x_wconf 88' lang='lat' dir='ltr'><strong>fertur</strong></span> <span class='ocrx_word' id='word_1_109' title='bbox 415 1861 499 1938; x_wconf 89' lang='lat' dir='ltr'><strong>papa</strong></span> <span class='ocrx_word' id='word_1_110' title='bbox 521 1840 724 1927; x_wconf 88' lang='lat' dir='ltr'><strong>respondisse</strong></span> <span class='ocrx_word' id='word_1_111' title='bbox 747 1864 789 1906; x_wconf 86' lang='lat' dir='ltr'><strong>ex</strong></span> <span class='ocrx_word' id='word_1_112' title='bbox 816 1840 950 1905; x_wconf 88' lang='lat' dir='ltr'><strong>consilio</strong></span> <span class='ocrx_word' id='word_1_113' title='bbox 980 1839 1192 1926; x_wconf 86' lang='lat' dir='ltr'><strong>quorumdam</strong></span> <span class='ocrx_word' id='word_1_114' title='bbox 1220 1841 1406 1925; x_wconf 86' lang='lat' dir='ltr'><strong>principum</strong></span> 
     </span>
     <span class='ocr_line' id='line_1_18' title="bbox 282 1922 1407 2010; baseline 0.002 -23"><span class='ocrx_word' id='word_1_115' title='bbox 282 1932 314 1987; x_wconf 89' lang='lat' dir='ltr'><strong>et</strong></span> <span class='ocrx_word' id='word_1_116' title='bbox 336 1922 563 1988; x_wconf 81' lang='lat' dir='ltr'><strong>cardinalium:</strong></span> <span class='ocrx_word' id='word_1_117' title='bbox 585 1947 649 1989; x_wconf 91' lang='lat' dir='ltr'><strong>non</strong></span> <span class='ocrx_word' id='word_1_118' title='bbox 665 1947 735 1990; x_wconf 89' lang='lat' dir='ltr'><strong>esse</strong></span> <span class='ocrx_word' id='word_1_119' title='bbox 750 1927 943 1990; x_wconf 90' lang='lat' dir='ltr'><strong>conveniens</strong></span> <span class='ocrx_word' id='word_1_120' title='bbox 959 1924 1039 1992; x_wconf 88' lang='lat' dir='ltr'><strong>duos</strong></span> <span class='ocrx_word' id='word_1_121' title='bbox 1054 1925 1263 2010; x_wconf 89' lang='lat' dir='ltr'><strong>imperatores</strong></span> <span class='ocrx_word' id='word_1_122' title='bbox 1278 1947 1407 2010; x_wconf 86' lang='lat' dir='ltr'><strong>preesse</strong></span> 
     </span>
     <span class='ocr_line' id='line_1_19' title="bbox 280 2006 1405 2095; baseline 0.001 -24"><span class='ocrx_word' id='word_1_123' title='bbox 280 2007 427 2071; x_wconf 89' lang='lat' dir='ltr'><strong>Romano</strong></span> <span class='ocrx_word' id='word_1_124' title='bbox 450 2009 587 2094; x_wconf 91' lang='lat' dir='ltr'><strong>imperio</strong></span> <span class='ocrx_word' id='word_1_125' title='bbox 598 2020 621 2073; x_wconf 81' lang='lat'><strong>³.</strong></span> <span class='ocrx_word' id='word_1_126' title='bbox 664 2009 792 2075; x_wconf 89' lang='lat' dir='ltr'><strong>Deinde</strong></span> <span class='ocrx_word' id='word_1_127' title='bbox 813 2011 987 2095; x_wconf 88' lang='lat' dir='ltr'><strong>imperator</strong></span> <span class='ocrx_word' id='word_1_128' title='bbox 1012 2019 1133 2094; x_wconf 78' lang='lat' dir='ltr'><strong>regno⁰</strong></span> <span class='ocrx_word' id='word_1_129' title='bbox 1156 2006 1337 2073; x_wconf 81' lang='lat' dir='ltr'><strong>Grecorum</strong></span> <span class='ocrx_word' id='word_1_130' title='bbox 1358 2009 1405 2072; x_wconf 91' lang='lat' dir='ltr'><strong>in·</strong></span> 
     </span>
     <span class='ocr_line' id='line_1_20' title="bbox 281 2090 1405 2180; baseline 0.004 -26"><span class='ocrx_word' id='word_1_131' title='bbox 281 2090 390 2174; x_wconf 88' lang='lat' dir='ltr'><strong>festus,</strong></span> <span class='ocrx_word' id='word_1_132' title='bbox 430 2091 551 2157; x_wconf 73' lang='lat' dir='ltr'><strong>filiam4</strong></span> <span class='ocrx_word' id='word_1_133' title='bbox 577 2093 756 2179; x_wconf 82' lang='lat' dir='ltr'><strong>Ruotgorid</strong></span> <span class='ocrx_word' id='word_1_134' title='bbox 787 2095 873 2180; x_wconf 79' lang='lat' dir='ltr'><strong>regis</strong></span> <span class='ocrx_word' id='word_1_135' title='bbox 901 2093 1033 2160; x_wconf 84' lang='lat' dir='ltr'><strong>Siciliae</strong></span> <span class='ocrx_word' id='word_1_136' title='bbox 1065 2091 1129 2157; x_wconf 89' lang='lat' dir='ltr'><strong>filio</strong></span> <span class='ocrx_word' id='word_1_137' title='bbox 1163 2099 1220 2156; x_wconf 89' lang='lat' dir='ltr'><strong>s&#39;uo</strong></span> <span class='ocrx_word' id='word_1_138' title='bbox 1252 2091 1405 2178; x_wconf 88' lang='lat' dir='ltr'><strong>copulare</strong></span> 
     </span>
     <span class='ocr_line' id='line_1_21' title="bbox 305 2184 442 2240; baseline 0.015 -2"><span class='ocrx_word' id='word_1_139' title='bbox 305 2184 442 2240; x_wconf 90' lang='lat' dir='ltr'><strong>rocurat.</strong></span> 
     </span>
    </p>

    <p class='ocr_par' dir='ltr' id='par_1_7' title="bbox 282 2198 1406 2327">
     <span class='ocr_line' id='line_1_22' title="bbox 282 2198 1406 2327; baseline 0.004 -5"><span class='ocrx_word' id='word_1_140' title='bbox 282 2198 303 2261; x_wconf 78' lang='lat' dir='ltr'>p</span> <span class='ocrx_word' id='word_1_141' title='bbox 366 2259 404 2322; x_wconf 94' lang='lat' dir='ltr'><strong>In</strong></span> <span class='ocrx_word' id='word_1_142' title='bbox 420 2281 529 2324; x_wconf 87' lang='lat' dir='ltr'><strong>mense</strong></span> <span class='ocrx_word' id='word_1_143' title='bbox 542 2260 678 2326; x_wconf 90' lang='lat' dir='ltr'><strong>Octobri</strong></span> <span class='ocrx_word' id='word_1_144' title='bbox 693 2260 839 2326; x_wconf 89' lang='lat' dir='ltr'><strong>insolitus</strong></span> <span class='ocrx_word' id='word_1_145' title='bbox 854 2262 991 2327; x_wconf 91' lang='lat' dir='ltr'><strong>turbinis</strong></span> <span class='ocrx_word' id='word_1_146' title='bbox 1005 2270 1121 2325; x_wconf 89' lang='lat' dir='ltr'><strong>ventus</strong></span> <span class='ocrx_word' id='word_1_147' title='bbox 1136 2260 1216 2325; x_wconf 89' lang='lat' dir='ltr'><strong>adeo</strong></span> <span class='ocrx_word' id='word_1_148' title='bbox 1231 2259 1406 2326; x_wconf 88' lang='lat' dir='ltr'><strong>vehemens</strong></span> 
     </span>
    </p>

    <p class='ocr_par' dir='ltr' id='par_1_8' title="bbox 280 2341 1405 2431">
     <span class='ocr_line' id='line_1_23' title="bbox 280 2341 1405 2431; baseline 0.004 -26"><span class='ocrx_word' id='word_1_149' title='bbox 280 2341 350 2425; x_wconf 87' lang='lat' dir='ltr'><strong>fuit,</strong></span> <span class='ocrx_word' id='word_1_150' title='bbox 371 2352 408 2407; x_wconf 90' lang='lat' dir='ltr'><strong>ut</strong></span> <span class='ocrx_word' id='word_1_151' title='bbox 428 2352 514 2408; x_wconf 88' lang='lat' dir='ltr'><strong>tecta</strong></span> <span class='ocrx_word' id='word_1_152' title='bbox 533 2343 661 2431; x_wconf 89' lang='lat' dir='ltr'><strong>lapidea</strong></span> <span class='ocrx_word' id='word_1_153' title='bbox 681 2347 876 2431; x_wconf 86' lang='lat' dir='ltr'><strong>arboresque</strong></span> <span class='ocrx_word' id='word_1_154' title='bbox 897 2344 1035 2429; x_wconf 83' lang='lat' dir='ltr'><strong>grandes</strong></span> <span class='ocrx_word' id='word_1_155' title='bbox 1058 2343 1199 2409; x_wconf 89' lang='lat' dir='ltr'><strong>deiceret</strong></span> <span class='ocrx_word' id='word_1_156' title='bbox 1220 2353 1253 2410; x_wconf 89' lang='lat' dir='ltr'><strong>et</strong></span> <span class='ocrx_word' id='word_1_157' title='bbox 1271 2345 1405 2410; x_wconf 77' lang='lat' dir='ltr'><strong>dom0s⁰</strong></span> 
     </span>
    </p>

    <p class='ocr_par' dir='ltr' id='par_1_9' title="bbox 279 2426 1405 2515">
     <span class='ocr_line' id='line_1_24' title="bbox 279 2426 1405 2515; baseline 0.005 -26"><span class='ocrx_word' id='word_1_158' title='bbox 279 2426 388 2511; x_wconf 90' lang='lat' dir='ltr'><strong>plures</strong></span> <span class='ocrx_word' id='word_1_159' title='bbox 412 2436 578 2492; x_wconf 88' lang='lat' dir='ltr'><strong>everteret.</strong></span> <span class='ocrx_word' id='word_1_160' title='bbox 664 2429 745 2492; x_wconf 86' lang='lat' dir='ltr'><strong>Dux</strong></span> <span class='ocrx_word' id='word_1_161' title='bbox 761 2429 932 2511; x_wconf 76' lang='lat' dir='ltr'><strong>saxoniae,</strong></span> <span class='ocrx_word' id='word_1_162' title='bbox 954 2428 1093 2515; x_wconf 88' lang='lat' dir='ltr'><strong>peractis</strong></span> <span class='ocrx_word' id='word_1_163' title='bbox 1113 2427 1306 2493; x_wconf 85' lang='lat' dir='ltr'><strong>exulationis</strong></span> <span class='ocrx_word' id='word_1_164' title='bbox 1329 2451 1405 2495; x_wconf 87' lang='lat' dir='ltr'><strong>suae</strong></span> 
     </span>
    </p>

    <p class='ocr_par' dir='ltr' id='par_1_10' title="bbox 281 2510 1404 2662">
     <span class='ocr_line' id='line_1_25' title="bbox 281 2510 1404 2662; baseline 0.004 -88"><span class='ocrx_word' id='word_1_165' title='bbox 281 2511 373 2574; x_wconf 90' lang='lat' dir='ltr'><strong>annis</strong></span> <span class='ocrx_word' id='word_1_166' title='bbox 383 2521 404 2592; x_wconf 79' lang='lat'><strong>³,</strong></span> <span class='ocrx_word' id='word_1_167' title='bbox 421 2510 462 2575; x_wconf 90' lang='lat' dir='ltr'><strong>de</strong></span> <span class='ocrx_word' id='word_1_168' title='bbox 476 2510 594 2596; x_wconf 84' lang='lat' dir='ltr'><strong>Anglia</strong></span> <span class='ocrx_word' id='word_1_169' title='bbox 608 2513 713 2594; x_wconf 83' lang='lat' dir='ltr'><strong>rediit,</strong></span> <span class='ocrx_word' id='word_1_170' title='bbox 734 2514 865 2662; x_wconf 76' lang='lat' dir='ltr'><strong>proprio</strong></span> <span class='ocrx_word' id='word_1_171' title='bbox 879 2523 1004 2578; x_wconf 85' lang='lat' dir='ltr'><strong>tantum</strong></span> <span class='ocrx_word' id='word_1_172' title='bbox 1019 2522 1186 2578; x_wconf 87' lang='lat' dir='ltr'><strong>contentus</strong></span> <span class='ocrx_word' id='word_1_173' title='bbox 1201 2515 1404 2599; x_wconf 89' lang='lat' dir='ltr'><strong>patrimonio.</strong></span> 
     </span>
    </p>

    <p class='ocr_par' dir='ltr' id='par_1_11' title="bbox 242 2594 1406 2767">
     <span class='ocr_line' id='line_1_26' title="bbox 281 2594 1406 2679; baseline 0.005 -21"><span class='ocrx_word' id='word_1_174' title='bbox 281 2595 462 2679; x_wconf 86' lang='lat' dir='ltr'><strong>Imperator</strong></span> <span class='ocrx_word' id='word_1_175' title='bbox 489 2594 639 2660; x_wconf 81' lang='lat' dir='ltr'><strong>Cremam</strong></span> <span class='ocrx_word' id='word_1_176' title='bbox 666 2597 737 2660; x_wconf 92' lang='lat' dir='ltr'><strong>Lon</strong></span> <span class='ocrx_word' id='word_1_177' title='bbox 761 2597 889 2662; x_wconf 72' lang='lat' dir='ltr'><strong>ardiaer</strong></span> <span class='ocrx_word' id='word_1_178' title='bbox 922 2598 1085 2662; x_wconf 86' lang='lat' dir='ltr'><strong>civitatem</strong></span> <span class='ocrx_word' id='word_1_179' title='bbox 1115 2596 1191 2661; x_wconf 89' lang='lat' dir='ltr'><strong>olim</strong></span> <span class='ocrx_word' id='word_1_180' title='bbox 1213 2621 1234 2662; x_wconf 90' lang='lat' dir='ltr'><strong>a</strong></span> <span class='ocrx_word' id='word_1_181' title='bbox 1255 2621 1290 2662; x_wconf 90' lang='lat' dir='ltr'><strong>se</strong></span> <span class='ocrx_word' id='word_1_182' title='bbox 1318 2622 1406 2664; x_wconf 87' lang='lat' dir='ltr'><strong>ever·</strong></span> 
     </span>
     <span class='ocr_line' id='line_1_27' title="bbox 242 2677 1404 2767; baseline 0.006 -26"><span class='ocrx_word' id='word_1_183' title='bbox 242 2726 244 2730; x_wconf 23' lang='grc' dir='ltr'><strong><em>ι</em></strong></span> <span class='ocrx_word' id='word_1_184' title='bbox 279 2689 371 2741; x_wconf 63' lang='lat' dir='ltr'><strong>sumt</strong></span> <span class='ocrx_word' id='word_1_185' title='bbox 392 2677 534 2742; x_wconf 91' lang='lat' dir='ltr'><strong>studiose</strong></span> <span class='ocrx_word' id='word_1_186' title='bbox 555 2679 736 2764; x_wconf 83' lang='lat' dir='ltr'><strong>reedificat3</strong></span> <span class='ocrx_word' id='word_1_187' title='bbox 758 2704 841 2767; x_wconf 92' lang='lat' dir='ltr'><strong>quae</strong></span> <span class='ocrx_word' id='word_1_188' title='bbox 860 2689 1037 2746; x_wconf 87' lang='lat' dir='ltr'><strong>restaurata</strong></span> <span class='ocrx_word' id='word_1_189' title='bbox 1051 2683 1080 2746; x_wconf 90' lang='lat' dir='ltr'><strong>ei</strong></span> <span class='ocrx_word' id='word_1_190' title='bbox 1095 2680 1257 2748; x_wconf 73' lang='lat' dir='ltr'><strong>rebellata</strong></span> <span class='ocrx_word' id='word_1_191' title='bbox 1342 2683 1404 2748; x_wconf 93' lang='lat' dir='ltr'><strong>Im-</strong></span> 
     </span>
    </p>

    <p class='ocr_par' dir='ltr' id='par_1_12' title="bbox 280 2762 580 2847">
     <span class='ocr_line' id='line_1_28' title="bbox 280 2762 580 2847; baseline -0.003 -21"><span class='ocrx_word' id='word_1_192' title='bbox 280 2762 446 2847; x_wconf 79' lang='lat' dir='ltr'><strong>peratrix*</strong></span> <span class='ocrx_word' id='word_1_193' title='bbox 469 2762 549 2827; x_wconf 89' lang='lat' dir='ltr'><strong>obiit</strong></span> <span class='ocrx_word' id='word_1_194' title='bbox 559 2776 580 2825; x_wconf 64' lang='lat' dir='ltr'><strong>l.</strong></span> 
     </span>
    </p>

    <p class='ocr_par' dir='ltr' id='par_1_13' title="bbox 730 2850 1095 2916">
     <span class='ocr_line' id='line_1_29' title="bbox 730 2850 1095 2916; baseline 0.005 -4"><span class='ocrx_word' id='word_1_195' title='bbox 730 2850 825 2913; x_wconf 91' lang='lat' dir='ltr'><strong>Anno</strong></span> <span class='ocrx_word' id='word_1_196' title='bbox 847 2850 980 2915; x_wconf 91' lang='lat' dir='ltr'><strong>Domini</strong></span> <span class='ocrx_word' id='word_1_197' title='bbox 1004 2851 1095 2916; x_wconf 89' lang='grc'><strong>1186.</strong></span> 
     </span>
    </p>
   </div>
   <div class='ocr_carea' id='block_1_4' title="bbox 177 2847 1405 3252">
    <p class='ocr_par' dir='ltr' id='par_1_14' title="bbox 177 2847 1405 3252">
     <span class='ocr_line' id='line_1_30' title="bbox 659 2849 674 2890; baseline 0 0"><span class='ocrx_word' id='word_1_198' title='bbox 659 2849 674 2890; x_wconf 81' lang='lat' dir='ltr'><strong>s</strong></span> 
     </span>
     <span class='ocr_line' id='line_1_31' title="bbox 364 2847 1402 3027; baseline 0.008 -34"><span class='ocrx_word' id='word_1_199' title='bbox 364 2929 545 3027; x_wconf 91' lang='lat' dir='ltr'><strong>Imperator</strong></span> <span class='ocrx_word' id='word_1_200' title='bbox 558 2849 664 2997; x_wconf 65' lang='lat' dir='ltr'><strong>addila</strong></span> <span class='ocrx_word' id='word_1_201' title='bbox 676 2847 813 2997; x_wconf 81' lang='lat' dir='ltr'><strong>llomini</strong></span> <span class='ocrx_word' id='word_1_202' title='bbox 826 2933 1021 2999; x_wconf 83' lang='lat' dir='ltr'><strong>Mediolani⁸</strong></span> <span class='ocrx_word' id='word_1_203' title='bbox 1036 2933 1185 2999; x_wconf 84' lang='lat' dir='ltr'><strong>celebrat.</strong></span> <span class='ocrx_word' id='word_1_204' title='bbox 1227 2935 1267 2998; x_wconf 93' lang='lat' dir='ltr'><strong>In</strong></span> <span class='ocrx_word' id='word_1_205' title='bbox 1282 2937 1402 3002; x_wconf 81' lang='lat' dir='ltr'><strong>octavis</strong></span> 
     </span>
     <span class='ocr_line' id='line_1_32' title="bbox 177 3013 1405 3104; baseline 0.004 -24"><span class='ocrx_word' id='word_1_206' title='bbox 177 3033 357 3081; x_wconf 71' lang='lat' dir='ltr'><strong>auraverc</strong></span> <span class='ocrx_word' id='word_1_207' title='bbox 379 3013 571 3099; x_wconf 84' lang='lat' dir='ltr'><strong>eprphaniae</strong></span> <span class='ocrx_word' id='word_1_208' title='bbox 597 3026 726 3102; x_wconf 82' lang='lat' dir='ltr'><strong>nuptias</strong></span> <span class='ocrx_word' id='word_1_209' title='bbox 753 3017 810 3082; x_wconf 88' lang='lat' dir='ltr'><strong>filii</strong></span> <span class='ocrx_word' id='word_1_210' title='bbox 837 3019 887 3082; x_wconf 91' lang='lat' dir='ltr'><strong>sui</strong></span> <span class='ocrx_word' id='word_1_211' title='bbox 914 3018 1153 3104; x_wconf 87' lang='lat' dir='ltr'><strong>opulentissime</strong></span> <span class='ocrx_word' id='word_1_212' title='bbox 1182 3040 1256 3083; x_wconf 87' lang='lat' dir='ltr'><strong>cum</strong></span> <span class='ocrx_word' id='word_1_213' title='bbox 1285 3040 1405 3104; x_wconf 90' lang='lat' dir='ltr'><strong>magna</strong></span> 
     </span>
     <span class='ocr_line' id='line_1_33' title="bbox 281 3101 1403 3252; baseline 0.007 -92"><span class='ocrx_word' id='word_1_214' title='bbox 281 3107 469 3162; x_wconf 88' lang='lat' dir='ltr'><strong>cunctorum</strong></span> <span class='ocrx_word' id='word_1_215' title='bbox 500 3121 582 3186; x_wconf 91' lang='lat' dir='ltr'><strong>pene</strong></span> <span class='ocrx_word' id='word_1_216' title='bbox 610 3121 780 3200; x_wconf 86' lang='lat' dir='ltr'><strong>procerum</strong></span> <span class='ocrx_word' id='word_1_217' title='bbox 809 3101 989 3252; x_wconf 58' lang='grc' dir='ltr'><strong>ίῐθῦιιεηῐὶει</strong></span> <span class='ocrx_word' id='word_1_218' title='bbox 1014 3124 1034 3166; x_wconf 94' lang='lat' dir='ltr'><strong>a</strong></span> <span class='ocrx_word' id='word_1_219' title='bbox 1059 3102 1102 3166; x_wconf 89' lang='lat' dir='ltr'><strong>ud</strong></span> <span class='ocrx_word' id='word_1_220' title='bbox 1128 3103 1299 3166; x_wconf 79' lang='lat' dir='ltr'><strong>Ticinum⁰</strong></span> <span class='ocrx_word' id='word_1_221' title='bbox 1326 3105 1403 3189; x_wconf 85' lang='lat' dir='ltr'><strong>agit.</strong></span> 
     </span>
    </p>
   </div>
   <div class='ocr_carea' id='block_1_5' title="bbox 279 3181 1403 3441">
    <p class='ocr_par' dir='ltr' id='par_1_15' title="bbox 279 3181 1403 3441">
     <span class='ocr_line' id='line_1_34' title="bbox 279 3181 1403 3270; baseline 0.008 -26"><span class='ocrx_word' id='word_1_222' title='bbox 279 3181 415 3246; x_wconf 84' lang='lat' dir='ltr'><strong>Luciusi</strong></span> <span class='ocrx_word' id='word_1_223' title='bbox 450 3206 539 3270; x_wconf 90' lang='lat' dir='ltr'><strong>papa</strong></span> <span class='ocrx_word' id='word_1_224' title='bbox 574 3183 653 3250; x_wconf 85' lang='lat' dir='ltr'><strong>obiit</strong></span> <span class='ocrx_word' id='word_1_225' title='bbox 669 3199 719 3269; x_wconf 80' lang='lat'><strong>¹⁰3</strong></span> <span class='ocrx_word' id='word_1_226' title='bbox 763 3187 815 3250; x_wconf 89' lang='lat' dir='ltr'><strong>oui</strong></span> <span class='ocrx_word' id='word_1_227' title='bbox 884 3187 1003 3252; x_wconf 90' lang='lat' dir='ltr'><strong>rbanus</strong></span> <span class='ocrx_word' id='word_1_228' title='bbox 1080 3184 1300 3251; x_wconf 84' lang='lat' dir='ltr'><strong>ediolanensis·</strong></span> <span class='ocrx_word' id='word_1_229' title='bbox 1333 3210 1403 3252; x_wconf 87' lang='lat' dir='ltr'><strong>suo-</strong></span> 
     </span>
     <span class='ocr_line' id='line_1_35' title="bbox 280 3265 1401 3356; baseline 0.007 -27"><span class='ocrx_word' id='word_1_230' title='bbox 280 3265 375 3330; x_wconf 87' lang='lat' dir='ltr'><strong>cedit.</strong></span> <span class='ocrx_word' id='word_1_231' title='bbox 459 3267 531 3332; x_wconf 86' lang='lat' dir='ltr'><strong>Rex</strong></span> <span class='ocrx_word' id='word_1_232' title='bbox 543 3267 697 3336; x_wconf 68' lang='lat' dir='ltr'><strong>Siciliae¹¹</strong></span> <span class='ocrx_word' id='word_1_233' title='bbox 709 3271 815 3336; x_wconf 79' lang='lat' dir='ltr'><strong>Greco</strong></span> <span class='ocrx_word' id='word_1_234' title='bbox 829 3270 950 3337; x_wconf 88' lang='lat' dir='ltr'><strong>bellum</strong></span> <span class='ocrx_word' id='word_1_235' title='bbox 968 3270 1099 3336; x_wconf 86' lang='lat' dir='ltr'><strong>inferre¹</strong></span> <span class='ocrx_word' id='word_1_236' title='bbox 1121 3292 1248 3356; x_wconf 86' lang='lat' dir='ltr'><strong>parans,</strong></span> <span class='ocrx_word' id='word_1_237' title='bbox 1271 3281 1401 3337; x_wconf 84' lang='lat' dir='ltr'><strong>cunctas</strong></span> 
     </span>
     <span class='ocr_line' id='line_1_36' title="bbox 280 3354 1402 3441; baseline 0.005 -29"><span class='ocrx_word' id='word_1_238' title='bbox 280 3369 379 3415; x_wconf 88' lang='lat' dir='ltr'><strong>naves</strong></span> <span class='ocrx_word' id='word_1_239' title='bbox 400 3372 459 3437; x_wconf 92' lang='lat' dir='ltr'><strong>per</strong></span> <span class='ocrx_word' id='word_1_240' title='bbox 486 3373 566 3437; x_wconf 87' lang='lat' dir='ltr'><strong>quas</strong></span> <span class='ocrx_word' id='word_1_241' title='bbox 592 3356 755 3441; x_wconf 85' lang='lat' dir='ltr'><strong>peregrini</strong></span> <span class='ocrx_word' id='word_1_242' title='bbox 776 3354 1017 3420; x_wconf 87' lang='lat' dir='ltr'><strong>lherosolimam</strong></span> <span class='ocrx_word' id='word_1_243' title='bbox 1040 3355 1116 3420; x_wconf 87' lang='lat' dir='ltr'><strong>ituri</strong></span> <span class='ocrx_word' id='word_1_244' title='bbox 1138 3365 1228 3420; x_wconf 90' lang='lat' dir='ltr'><strong>erant</strong></span> <span class='ocrx_word' id='word_1_245' title='bbox 1248 3356 1282 3419; x_wconf 91' lang='lat' dir='ltr'><strong>vi</strong></span> <span class='ocrx_word' id='word_1_246' title='bbox 1310 3376 1402 3420; x_wconf 87' lang='lat' dir='ltr'><strong>occu-</strong></span> 
     </span>
    </p>
   </div>
   <div class='ocr_carea' id='block_1_6' title="bbox 353 3520 795 3588">
    <p class='ocr_par' dir='ltr' id='par_1_16' title="bbox 353 3520 795 3588">
     <span class='ocr_line' id='line_1_37' title="bbox 353 3520 795 3588; baseline 0.016 -16"><span class='ocrx_word' id='word_1_247' title='bbox 353 3520 382 3588; x_wconf 78' lang='lat' dir='ltr'><strong>*J</strong></span> <span class='ocrx_word' id='word_1_248' title='bbox 402 3523 512 3574; x_wconf 84' lang='lat' dir='ltr'><strong>Beatrix</strong></span> <span class='ocrx_word' id='word_1_249' title='bbox 530 3527 638 3577; x_wconf 87' lang='lat' dir='ltr'><strong>nomine</strong></span> <span class='ocrx_word' id='word_1_250' title='bbox 658 3526 723 3578; x_wconf 83' lang='lat' dir='ltr'><strong>cdd.</strong></span> <span class='ocrx_word' id='word_1_251' title='bbox 745 3525 795 3579; x_wconf 83' lang='lat'><strong>02.</strong></span> 
     </span>
    </p>
   </div>
   <div class='ocr_carea' id='block_1_7' title="bbox 278 3665 1400 3845">
    <p class='ocr_par' dir='ltr' id='par_1_17' title="bbox 278 3665 1400 3845">
     <span class='ocr_line' id='line_1_38' title="bbox 279 3665 1400 3732; baseline 0.007 -23"><span class='ocrx_word' id='word_1_252' title='bbox 279 3665 302 3718; x_wconf 86' lang='lat' dir='ltr'><strong>a)</strong></span> <span class='ocrx_word' id='word_1_253' title='bbox 319 3667 355 3710; x_wconf 78' lang='lat'><strong>85.</strong></span> <span class='ocrx_word' id='word_1_254' title='bbox 372 3678 429 3710; x_wconf 81' lang='lat' dir='ltr'><strong>corr.</strong></span> <span class='ocrx_word' id='word_1_255' title='bbox 447 3669 483 3712; x_wconf 74' lang='lat' dir='ltr'><strong>tt.</strong></span> <span class='ocrx_word' id='word_1_256' title='bbox 501 3670 550 3710; x_wconf 88' lang='lat' dir='ltr'><strong>Bl.</strong></span> <span class='ocrx_word' id='word_1_257' title='bbox 611 3670 635 3723; x_wconf 90' lang='lat' dir='ltr'><strong>b)</strong></span> <span class='ocrx_word' id='word_1_258' title='bbox 658 3673 719 3731; x_wconf 69' lang='lat' dir='ltr'><strong>plata</strong></span> <span class='ocrx_word' id='word_1_259' title='bbox 734 3684 791 3718; x_wconf 79' lang='lat' dir='ltr'><strong>corr.</strong></span> <span class='ocrx_word' id='word_1_260' title='bbox 814 3674 891 3732; x_wconf 67' lang='lat' dir='ltr'><strong>dplata</strong></span> <span class='ocrx_word' id='word_1_261' title='bbox 906 3675 960 3723; x_wconf 72' lang='lat'><strong>313</strong></span> <span class='ocrx_word' id='word_1_262' title='bbox 976 3674 1039 3715; x_wconf 76' lang='lat' dir='ltr'><strong>elata</strong></span> <span class='ocrx_word' id='word_1_263' title='bbox 1054 3684 1111 3716; x_wconf 72' lang='lat' dir='ltr'><strong>corr.</strong></span> <span class='ocrx_word' id='word_1_264' title='bbox 1136 3685 1164 3712; x_wconf 84' lang='lat' dir='ltr'><strong>m.</strong></span> <span class='ocrx_word' id='word_1_265' title='bbox 1187 3685 1229 3716; x_wconf 80' lang='lat' dir='ltr'><strong>raa</strong></span> <span class='ocrx_word' id='word_1_266' title='bbox 1253 3675 1331 3716; x_wconf 79' lang='lat' dir='ltr'><strong>delata</strong></span> <span class='ocrx_word' id='word_1_267' title='bbox 1354 3675 1400 3724; x_wconf 73' lang='lat'><strong>023</strong></span> 
     </span>
     <span class='ocr_line' id='line_1_39' title="bbox 279 3726 1399 3784; baseline 0.008 -18"><span class='ocrx_word' id='word_1_268' title='bbox 279 3727 333 3767; x_wconf 84' lang='lat' dir='ltr'><strong>data</strong></span> <span class='ocrx_word' id='word_1_269' title='bbox 349 3726 391 3768; x_wconf 88' lang='lat'><strong>01.</strong></span> <span class='ocrx_word' id='word_1_270' title='bbox 453 3726 474 3779; x_wconf 90' lang='lat' dir='ltr'><strong>c)</strong></span> <span class='ocrx_word' id='word_1_271' title='bbox 490 3730 551 3778; x_wconf 74' lang='lat' dir='ltr'><strong>regis</strong></span> <span class='ocrx_word' id='word_1_272' title='bbox 567 3739 639 3778; x_wconf 76' lang='lat' dir='ltr'><strong>regno</strong></span> <span class='ocrx_word' id='word_1_273' title='bbox 655 3731 675 3770; x_wconf 82' lang='grc' dir='ltr'><em>Α</em></span> <span class='ocrx_word' id='word_1_274' title='bbox 685 3732 705 3773; x_wconf 74' lang='lat'><strong>2.</strong></span> <span class='ocrx_word' id='word_1_275' title='bbox 773 3731 796 3784; x_wconf 87' lang='lat' dir='ltr'><strong>d)</strong></span> <span class='ocrx_word' id='word_1_276' title='bbox 813 3733 909 3782; x_wconf 74' lang='lat' dir='ltr'><strong>Rotgari</strong></span> <span class='ocrx_word' id='word_1_277' title='bbox 926 3733 973 3783; x_wconf 80' lang='lat'><strong>013</strong></span> <span class='ocrx_word' id='word_1_278' title='bbox 989 3733 1085 3781; x_wconf 74' lang='lat' dir='ltr'><strong>Rutgert</strong></span> <span class='ocrx_word' id='word_1_279' title='bbox 1100 3732 1149 3773; x_wconf 64' lang='lat' dir='ltr'><strong>Aa.</strong></span> <span class='ocrx_word' id='word_1_280' title='bbox 1166 3732 1210 3776; x_wconf 79' lang='grc'><strong>01.</strong></span> <span class='ocrx_word' id='word_1_281' title='bbox 1278 3733 1300 3784; x_wconf 86' lang='lat' dir='ltr'><strong>e)</strong></span> <span class='ocrx_word' id='word_1_282' title='bbox 1318 3735 1399 3775; x_wconf 85' lang='lat' dir='ltr'><strong>domus</strong></span> 
     </span>
     <span class='ocr_line' id='line_1_40' title="bbox 278 3785 1397 3845; baseline 0.009 -21"><span class='ocrx_word' id='word_1_283' title='bbox 278 3785 497 3828; x_wconf 77' lang='lat' dir='ltr'><strong>om.donrosB1.</strong></span> <span class='ocrx_word' id='word_1_284' title='bbox 562 3786 702 3838; x_wconf 70' lang='lat' dir='ltr'><strong>OLongob.</strong></span> <span class='ocrx_word' id='word_1_285' title='bbox 719 3791 782 3832; x_wconf 68' lang='grc' dir='ltr'><strong>Μ’.</strong></span> <span class='ocrx_word' id='word_1_286' title='bbox 859 3791 882 3843; x_wconf 67' lang='grc' dir='ltr'><strong>ε)</strong></span> <span class='ocrx_word' id='word_1_287' title='bbox 908 3803 1044 3832; x_wconf 77' lang='lat' dir='ltr'><strong>conversam</strong></span> <span class='ocrx_word' id='word_1_288' title='bbox 1067 3792 1124 3834; x_wconf 85' lang='lat' dir='ltr'><strong>B.0.</strong></span> <span class='ocrx_word' id='word_1_289' title='bbox 1197 3790 1222 3843; x_wconf 88' lang='lat' dir='ltr'><strong>h)</strong></span> <span class='ocrx_word' id='word_1_290' title='bbox 1240 3793 1276 3835; x_wconf 80' lang='lat'><strong>86.</strong></span> <span class='ocrx_word' id='word_1_291' title='bbox 1294 3792 1334 3845; x_wconf 79' lang='lat' dir='ltr'><strong>(tta</strong></span> <span class='ocrx_word' id='word_1_292' title='bbox 1350 3793 1397 3845; x_wconf 87' lang='lat'><strong>01)</strong></span> 
     </span>
    </p>
   </div>
   <div class='ocr_carea' id='block_1_8' title="bbox 278 3844 1398 3952">
    <p class='ocr_par' dir='ltr' id='par_1_18' title="bbox 278 3844 1398 3952">
     <span class='ocr_line' id='line_1_41' title="bbox 278 3844 1398 3952; baseline 0.011 -70"><span class='ocrx_word' id='word_1_293' title='bbox 278 3844 439 3952; x_wconf 51' lang='lat' dir='ltr'><strong>llnwslfid?</strong></span> <span class='ocrx_word' id='word_1_294' title='bbox 448 3847 469 3886; x_wconf 87' lang='lat'><strong>1.</strong></span> <span class='ocrx_word' id='word_1_295' title='bbox 572 3845 590 3897; x_wconf 83' lang='grc'><strong>1)</strong></span> <span class='ocrx_word' id='word_1_296' title='bbox 614 3848 699 3890; x_wconf 85' lang='lat' dir='ltr'><strong>Lucius</strong></span> <span class='ocrx_word' id='word_1_297' title='bbox 730 3871 756 3881; x_wconf 93' lang='lat'>-</span> <span class='ocrx_word' id='word_1_298' title='bbox 785 3852 888 3892; x_wconf 81' lang='lat' dir='ltr'><strong>snccedlt</strong></span> <span class='ocrx_word' id='word_1_299' title='bbox 910 3852 952 3894; x_wconf 78' lang='lat' dir='ltr'><strong>dea</strong></span> <span class='ocrx_word' id='word_1_300' title='bbox 975 3852 1023 3892; x_wconf 79' lang='lat' dir='ltr'><strong>Ba.</strong></span> <span class='ocrx_word' id='word_1_301' title='bbox 1046 3851 1085 3893; x_wconf 77' lang='lat' dir='ltr'><strong>Fr.</strong></span> <span class='ocrx_word' id='word_1_302' title='bbox 1189 3849 1214 3902; x_wconf 80' lang='lat' dir='ltr'><strong>k)</strong></span> <span class='ocrx_word' id='word_1_303' title='bbox 1239 3851 1333 3904; x_wconf 80' lang='lat' dir='ltr'><strong>Syallyc</strong></span> <span class='ocrx_word' id='word_1_304' title='bbox 1356 3853 1398 3894; x_wconf 79' lang='lat'><strong>02.</strong></span> 
     </span>
    </p>
   </div>
   <div class='ocr_carea' id='block_1_9' title="bbox 279 4032 1400 4476">
    <p class='ocr_par' dir='ltr' id='par_1_19' title="bbox 279 4032 1400 4476">
     <span class='ocr_line' id='line_1_42' title="bbox 281 4032 1398 4109; baseline 0.013 -27"><span class='ocrx_word' id='word_1_305' title='bbox 281 4032 308 4098; x_wconf 86' lang='grc'><strong>1)</strong></span> <span class='ocrx_word' id='word_1_306' title='bbox 328 4032 412 4085; x_wconf 85' lang='lat' dir='ltr'><strong>Immo</strong></span> <span class='ocrx_word' id='word_1_307' title='bbox 428 4033 563 4098; x_wconf 82' lang='lat' dir='ltr'><strong>Veronaa‚·</strong></span> <span class='ocrx_word' id='word_1_308' title='bbox 582 4054 608 4089; x_wconf 80' lang='lat' dir='ltr'><strong>c.</strong></span> <span class='ocrx_word' id='word_1_309' title='bbox 619 4038 695 4106; x_wconf 66' lang='lat' dir='ltr'><strong>Iaffe,</strong></span> <span class='ocrx_word' id='word_1_310' title='bbox 715 4039 780 4107; x_wconf 69' lang='lat' dir='ltr'><strong>Ray.</strong></span> <span class='ocrx_word' id='word_1_311' title='bbox 794 4055 826 4104; x_wconf 84' lang='lat' dir='ltr'><strong>p.</strong></span> <span class='ocrx_word' id='word_1_312' title='bbox 837 4040 891 4090; x_wconf 83' lang='lat'><strong>846</strong></span> <span class='ocrx_word' id='word_1_313' title='bbox 907 4057 960 4106; x_wconf 81' lang='lat' dir='ltr'><strong>sqq.</strong></span> <span class='ocrx_word' id='word_1_314' title='bbox 1037 4042 1066 4108; x_wconf 76' lang='lat'><strong>2)</strong></span> <span class='ocrx_word' id='word_1_315' title='bbox 1085 4041 1215 4104; x_wconf 57' lang='lat' dir='ltr'><strong>Brixiam</strong></span> <span class='ocrx_word' id='word_1_316' title='bbox 1234 4060 1259 4095; x_wconf 80' lang='lat' dir='ltr'><strong>v.</strong></span> <span class='ocrx_word' id='word_1_317' title='bbox 1271 4041 1398 4109; x_wconf 80' lang='lat' dir='ltr'><strong>Sclaffer-</strong></span> 
     </span>
     <span class='ocr_line' id='line_1_43' title="bbox 281 4106 1397 4184; baseline 0.011 -28"><span class='ocrx_word' id='word_1_318' title='bbox 281 4106 426 4169; x_wconf 76' lang='lat' dir='ltr'><strong>Boicborrt,</strong></span> <span class='ocrx_word' id='word_1_319' title='bbox 445 4106 488 4160; x_wconf 84' lang='lat' dir='ltr'><strong>‘K.</strong></span> <span class='ocrx_word' id='word_1_320' title='bbox 502 4108 644 4163; x_wconf 67' lang='lat' dir='ltr'><strong>Friedrich</strong></span> <span class='ocrx_word' id='word_1_321' title='bbox 659 4113 684 4162; x_wconf 92' lang='grc' dir='ltr'><strong>Ι.</strong></span> <span class='ocrx_word' id='word_1_322' title='bbox 701 4113 790 4165; x_wconf 76' lang='lat' dir='ltr'><strong>letales·</strong></span> <span class='ocrx_word' id='word_1_323' title='bbox 806 4111 889 4165; x_wconf 76' lang='lat' dir='ltr'><strong>Streit</strong></span> <span class='ocrx_word' id='word_1_324' title='bbox 906 4113 953 4165; x_wconf 85' lang='lat' dir='ltr'><strong>mit</strong></span> <span class='ocrx_word' id='word_1_325' title='bbox 976 4115 1025 4166; x_wconf 80' lang='lat' dir='ltr'><strong>der</strong></span> <span class='ocrx_word' id='word_1_326' title='bbox 1040 4113 1125 4176; x_wconf 64' lang='lat' dir='ltr'><strong>Onne&#39;</strong></span> <span class='ocrx_word' id='word_1_327' title='bbox 1140 4133 1171 4182; x_wconf 81' lang='lat' dir='ltr'><strong>p.</strong></span> <span class='ocrx_word' id='word_1_328' title='bbox 1186 4117 1230 4167; x_wconf 79' lang='lat'><strong>65.</strong></span> <span class='ocrx_word' id='word_1_329' title='bbox 1305 4117 1335 4183; x_wconf 82' lang='grc'><strong>3)</strong></span> <span class='ocrx_word' id='word_1_330' title='bbox 1357 4115 1397 4184; x_wconf 81' lang='lat' dir='ltr'><strong>C&#39;f.</strong></span> 
     </span>
     <span class='ocr_line' id='line_1_44' title="bbox 282 4177 1399 4255; baseline 0.011 -26"><span class='ocrx_word' id='word_1_331' title='bbox 282 4177 349 4233; x_wconf 77' lang='lat' dir='ltr'><strong>ffnr.</strong></span> <span class='ocrx_word' id='word_1_332' title='bbox 368 4179 562 4234; x_wconf 70' lang='lat' dir='ltr'><strong>Rambardsbr.</strong></span> <span class='ocrx_word' id='word_1_333' title='bbox 582 4185 624 4237; x_wconf 80' lang='lat' dir='ltr'><strong>ed.</strong></span> <span class='ocrx_word' id='word_1_334' title='bbox 647 4185 744 4254; x_wconf 73' lang='lat' dir='ltr'><strong>Wepelc</strong></span> <span class='ocrx_word' id='word_1_335' title='bbox 767 4205 797 4252; x_wconf 86' lang='lat' dir='ltr'><strong>p.</strong></span> <span class='ocrx_word' id='word_1_336' title='bbox 818 4187 861 4237; x_wconf 77' lang='lat'><strong>59.</strong></span> <span class='ocrx_word' id='word_1_337' title='bbox 942 4186 973 4255; x_wconf 85' lang='lat'><strong>4)</strong></span> <span class='ocrx_word' id='word_1_338' title='bbox 993 4185 1181 4240; x_wconf 74' lang='lat' dir='ltr'><strong>Constantiam.</strong></span> <span class='ocrx_word' id='word_1_339' title='bbox 1262 4191 1290 4255; x_wconf 81' lang='lat'><strong>5)</strong></span> <span class='ocrx_word' id='word_1_340' title='bbox 1316 4190 1399 4242; x_wconf 83' lang='lat' dir='ltr'><strong>Venia</strong></span> 
     </span>
     <span class='ocr_line' id='line_1_45' title="bbox 279 4251 1400 4324; baseline 0.012 -22"><span class='ocrx_word' id='word_1_341' title='bbox 279 4252 312 4302; x_wconf 78' lang='lat' dir='ltr'><strong>ab</strong></span> <span class='ocrx_word' id='word_1_342' title='bbox 331 4251 490 4320; x_wconf 69' lang='lat' dir='ltr'><strong>inmaratora</strong></span> <span class='ocrx_word' id='word_1_343' title='bbox 515 4257 657 4324; x_wconf 80' lang='lat' dir='ltr'><strong>impetrata</strong></span> <span class='ocrx_word' id='word_1_344' title='bbox 681 4259 761 4311; x_wconf 80' lang='lat' dir='ltr'><strong>rediit</strong></span> <span class='ocrx_word' id='word_1_345' title='bbox 778 4258 933 4311; x_wconf 79' lang='lat' dir='ltr'><strong>Heinriens.</strong></span> <span class='ocrx_word' id='word_1_346' title='bbox 1009 4261 1037 4324; x_wconf 85' lang='grc'><strong>6)</strong></span> <span class='ocrx_word' id='word_1_347' title='bbox 1059 4261 1120 4314; x_wconf 89' lang='lat' dir='ltr'><strong>Non</strong></span> <span class='ocrx_word' id='word_1_348' title='bbox 1140 4260 1240 4324; x_wconf 69' lang='lat' dir='ltr'><strong>Orama</strong></span> <span class='ocrx_word' id='word_1_349' title='bbox 1270 4264 1317 4315; x_wconf 81' lang='lat' dir='ltr'><strong>sed</strong></span> <span class='ocrx_word' id='word_1_350' title='bbox 1338 4262 1400 4316; x_wconf 79' lang='lat' dir='ltr'><strong>Ora-</strong></span> 
     </span>
     <span class='ocr_line' id='line_1_46' title="bbox 280 4326 1398 4403; baseline 0.012 -27"><span class='ocrx_word' id='word_1_351' title='bbox 280 4342 358 4376; x_wconf 84' lang='lat' dir='ltr'><strong>mona</strong></span> <span class='ocrx_word' id='word_1_352' title='bbox 373 4326 528 4393; x_wconf 79' lang='lat' dir='ltr'><strong>imperatori</strong></span> <span class='ocrx_word' id='word_1_353' title='bbox 540 4331 685 4384; x_wconf 80' lang='lat' dir='ltr'><strong>rebellavit.</strong></span> <span class='ocrx_word' id='word_1_354' title='bbox 761 4331 788 4398; x_wconf 81' lang='lat'><strong>7)</strong></span> <span class='ocrx_word' id='word_1_355' title='bbox 800 4351 825 4384; x_wconf 85' lang='lat' dir='ltr'><strong>a.</strong></span> <span class='ocrx_word' id='word_1_356' title='bbox 839 4333 918 4396; x_wconf 78' lang='lat'>1184,</span> <span class='ocrx_word' id='word_1_357' title='bbox 935 4333 1058 4398; x_wconf 83' lang='lat' dir='ltr'><strong>Noucmb.</strong></span> <span class='ocrx_word' id='word_1_358' title='bbox 1135 4334 1164 4400; x_wconf 92' lang='grc'><strong>8)</strong></span> <span class='ocrx_word' id='word_1_359' title='bbox 1180 4336 1263 4387; x_wconf 85' lang='lat' dir='ltr'><strong>Immo</strong></span> <span class='ocrx_word' id='word_1_360' title='bbox 1277 4336 1398 4403; x_wconf 79' lang='lat' dir='ltr'><strong>Papiae,-</strong></span> 
     </span>
     <span class='ocr_line' id='line_1_47' title="bbox 281 4396 1397 4476; baseline 0.012 -26"><span class='ocrx_word' id='word_1_361' title='bbox 281 4415 304 4450; x_wconf 79' lang='grc' dir='ltr'><strong>υ.</strong></span> <span class='ocrx_word' id='word_1_362' title='bbox 316 4396 425 4454; x_wconf 72' lang='lat' dir='ltr'><strong>San-R.</strong></span> <span class='ocrx_word' id='word_1_363' title='bbox 440 4420 471 4468; x_wconf 82' lang='lat' dir='ltr'><strong>p.</strong></span> <span class='ocrx_word' id='word_1_364' title='bbox 492 4402 527 4454; x_wconf 83' lang='lat'><strong>83</strong></span> <span class='ocrx_word' id='word_1_365' title='bbox 539 4422 566 4455; x_wconf 88' lang='lat' dir='ltr'><strong>n.</strong></span> <span class='ocrx_word' id='word_1_366' title='bbox 582 4407 605 4458; x_wconf 92' lang='lat'><strong>1.</strong></span> <span class='ocrx_word' id='word_1_367' title='bbox 654 4406 683 4472; x_wconf 83' lang='grc'><strong>9)</strong></span> <span class='ocrx_word' id='word_1_368' title='bbox 702 4405 787 4457; x_wconf 85' lang='lat' dir='ltr'><strong>Immo</strong></span> <span class='ocrx_word' id='word_1_369' title='bbox 806 4405 955 4457; x_wconf 81' lang='lat' dir='ltr'><strong>Mediolani</strong></span> <span class='ocrx_word' id='word_1_370' title='bbox 973 4407 1000 4458; x_wconf 77' lang='lat' dir='ltr'><strong>d.</strong></span> <span class='ocrx_word' id='word_1_371' title='bbox 1021 4407 1158 4461; x_wconf 66' lang='lat' dir='ltr'><strong>suffen.</strong></span> <span class='ocrx_word' id='word_1_372' title='bbox 1202 4409 1247 4476; x_wconf 89' lang='grc'><strong>10)</strong></span> <span class='ocrx_word' id='word_1_373' title='bbox 1268 4427 1294 4460; x_wconf 85' lang='lat' dir='ltr'><strong>a.</strong></span> <span class='ocrx_word' id='word_1_374' title='bbox 1317 4411 1397 4464; x_wconf 75' lang='lat'><strong>1185.</strong></span> 
     </span>
    </p>
   </div>
   <div class='ocr_carea' id='block_1_10' title="bbox 0 0 1569 4976">
    <p class='ocr_par' dir='ltr' id='par_1_20' title="bbox 0 0 1569 4976">
     <span class='ocr_line' id='line_1_48' title="bbox 0 0 1569 4976; baseline 0 0"><span class='ocrx_word' id='word_1_375' title='bbox 0 0 1569 4976; x_wconf 95' lang='lat' dir='ltr'><strong> </strong></span> 
     </span>
    </p>
   </div>
  </div>
 </body>
</html>
