3102 4978
399 427 587 482 eunomus
602 427 713 480 REGIA
731 427 984 482 commanem.
1181 428 1263 481 XVII

58 581 60 658 ὲ
142 602 253 668 natali
274 600 412 664 Domini
432 605 638 683 computatus
664 605 775 662 esset1.
824 595 891 661 Sed
920 597 972 660 bis
1000 617 1068 661 non
1095 605 1263 662 contentus

41 714 48 735 ·
142 689 210 753 sire
236 686 323 750 idem
356 684 423 747 sive
456 681 545 746 alius
573 681 715 746 eiusdem
740 681 933 745 monasterii
958 679 1118 746 librarius
1143 683 1263 746 iterum

143 770 307 858 quaedam
343 768 480 848 adiecit,
512 764 585 830 alia
616 765 744 831 omisit²
772 774 802 829 et
829 767 878 830 ita
899 765 1028 828 tertiam
1050 765 1147 850 quasi
1168 766 1260 832 ebro-

144 857 240 920 nicac
253 854 472 918 recensibnem
485 852 638 932 instituit,
654 872 752 934 quam
765 850 804 913 iu
816 848 965 914 codiceB
976 859 1137 914 servatam
1151 871 1261 914 recen-

143 940 257 1004 tiorem
277 959 354 1018 esse,
384 937 435 1000 bis
462 935 562 1000 anuis
590 936 688 998 etiam
710 933 858 998 codicum
882 932 911 999 0
935 956 1008 998 cum
1029 931 1061 996 A
1083 955 1262 999 cousensus

143 1024 265 1089 docet³.

227 1105 310 1170 Inde
342 1104 383 1170 ab
416 1127 447 1167 a.
478 1103 570 1167 1200.
602 1123 677 1166 vero
705 1099 824 1166 Sancti
850 1097 1064 1166 Pantaleonis
1097 1102 1262 1183 monachi,

144 1190 249 1256 altera
287 1189 469 1255 Cbronicce
503 1189 616 1274 reqiae
651 1187 899 1250 continuatione
934 1186 1087 1266 destituti,
1118 1187 1262 1271 proprio

59 1309 61 1334 t
142 1283 245 1339 morte
268 1295 351 1359 opus
372 1281 554 1357 susceptum
572 1271 740 1355 prosecuti
760 1278 838 1333 sunt
858 1277 887 1332 et
901 1269 964 1333 bac
977 1291 1057 1334 sane
1073 1279 1173 1355 parte
1194 1291 1262 1335 non

59 1360 62 1374 '
143 1359 310 1458 culparem
339 1357 470 1421 laudem
498 1355 563 1420 sibi
578 1363 800 1439 parauerunt.
842 1353 932 1417 Nam
958 1375 1011 1417 res
1038 1363 1105 1417 tam
1128 1353 1261 1418 Germa—

144 1465 240 1507 rucas
251 1464 351 1526 quam
362 1439 444 1540 alibi
458 1441 659 1527 qestassatis
670 1439 805 1522 copiosa
815 1440 1009 1502 narratione
1020 1447 1261 1523 opposuerunt,

39 1568 63 1607 Ιι
144 1529 255 1592 animo
286 1549 399 1612 aequo,
426 1522 681 1610 imperatoribus
708 1543 834 1606 semper
857 1543 1034 1607 propenso,
1061 1520 1261 1587 turbulento·

39 1666 42 1681 .
61 1649 63 1683 ᾗ
143 1635 222 1676 rma
236 1609 366 1675 iduum
385 1619 565 1695 temporum
581 1629 633 1671 res
649 1608 822 1671 memoriae
842 1606 1063 1688 tradiderunt,
1085 1605 1262 1672 nonnullos

143 1695 275 1780 quidem
303 1716 428 1759 errores
456 1695 682 1758 commiserunt
710 1690 759 1754 oei
785 1691 943 1755 minorem
969 1691 1020 1754 rei
1046 1693 1262 1776 coquitionem

62 1761 65 1828 ἶ
140 1780 372 1865 probauerunt,
400 1778 438 1842 iu
460 1779 651 1842 uniuersum
677 1796 752 1840 aero
776 1796 859 1858 opus
881 1784 1064 1860 susceptum
1085 1773 1262 1861 diiiqeuter

63 1883 65 1896 ·
144 1873 174 1925 et
199 1861 414 1925 laudabiliter
442 1863 568 1924 saecuti
593 1867 702 1924 sunt4.
744 1859 822 1923 Non
850 1868 957 1923 tamen
986 1882 1089 1923 uuum
1110 1861 1259 1924 eundem·

144 1967 207 2030 que
231 1953 394 2008 auctorem
415 1941 534 2029 ubique
557 1966 731 2029 aqnosccre
752 1943 834 2024 ticet,
861 1965 962 2029 neque
985 1944 1063 2008 baec
1084 1945 1260 2008 chronicae

64 2050 66 2110 ὲ
137 2052 228 2116 pars
245 2051 379 2092 manum
407 2029 585 2092 coeundam
613 2029 725 2107 euasit,
758 2049 842 2113 quae
869 2050 941 2092 eam
962 2050 1029 2091 reon
1050 2037 1117 2091 tam
1139 2049 1261 2114 cupere

64 2163 66 2176 .
142 2136 243 2200 quam
271 2112 461 2176 abbreviare
487 2111 644 2176 studebat.
686 2112 730 2176 Et
755 2111 915 2196 triplicem
943 2111 1073 2197 quidem
1101 2113 1260 2176 recensio-

64 2249 66 2278 ,
143 2219 217 2262 nem
243 2197 488 2283 distinquomus
519 2205 652 2282 oportet.
705 2195 836 2260 Primae
854 2194 1052 2282 fraqmeuta
1081 2195 1193 2260 brevia
1222 2197 1261 2262 in

64 2363 66 2430 i
147 2379 175 2444 1)
194 2376 241 2428 Ita
260 2394 284 2429 a.
300 2378 379 2428 1194.
395 2377 475 2426 1198.
515 2374 587 2428 Satis
604 2374 746 2428 arbitraris
762 2383 842 2428 antea
855 2376 922 2427 anni
936 2374 1034 2427 mutati
1051 2383 1122 2441 emet,
1141 2375 1261 2428 α.1148.

64 2437 66 2472 ³
146 2451 226 2504 1151.
249 2451 327 2502 1154.
347 2459 394 2502 etc.
468 2447 498 2516 2)
518 2468 544 2500 a.
561 2449 640 2499 1181.
660 2449 783 2501 derebus
798 2448 827 2500 in
841 2449 957 2502 Graecia
973 2449 1063 2516 pestis.
1138 2449 1167 2516 3)
1186 2447 1260 2502 Certe

64 2515 66 2562 ἶ
144 2541 214 2591 quae
239 2525 272 2576 de
296 2523 374 2574 annis
393 2523 469 2592 requi
487 2523 610 2576 Heinrici
633 2522 679 2574 VI.
704 2522 733 2573 in
752 2523 779 2574 B
802 2524 925 2590 lepuntur
943 2522 1043 2575 codices
1065 2522 1178 2574 Obaud
1196 2523 1260 2575 omi·

65 2615 66 2638 1
143 2597 247 2661 sissent,
279 2595 303 2647 si
327 2597 428 2662 scripta
452 2595 623 2649 inuenissent.
661 2595 771 2647 Minime
796 2595 878 2662 iqitur
907 2613 939 2649 en
964 2595 991 2646 Β
1011 2597 1161 2663 fluxerunt,
1190 2596 1261 2662 quad

65 2659 66 2692 ³
144 2670 180 2722 K.
200 2671 276 2722 Perta
309 2668 359 2721 sibi
391 2669 533 2735 persuasit.
578 2669 712 2736 Exempla
741 2686 809 2734 quae
838 2671 916 2736 affert
945 2673 984 2734 (p.
1006 2670 1068 2721 725.
1086 2687 1114 2721 n.
1136 2670 1183 2734 12)
1213 2671 1262 2722 boc

29 2763 30 2766 ¹
66 2793 67 2796 ,
145 2742 251 2795 minime
278 2743 409 2809 probant,
442 2743 562 2809 quamuis
591 2741 724 2795 lectionem
752 2743 848 2794 codicis
875 2743 902 2796 Β
930 2759 1010 2809 mam
1037 2743 1165 2809 ptus-tous
1197 2741 1261 2794 locis

66 2817 67 2872 ἶ
145 2816 277 2869 meliorem
301 2832 357 2868 esse
382 2818 529 2868 ostendant.
569 2817 601 2868 A.
623 2815 702 2868 1190.
727 2815 832 2882 quidem
852 2816 901 2867 02
924 2835 942 2884 p
965 2812 995 2870 ffi
1019 2815 1137 2882 corrupit
1160 2817 1190 2867 iu
1213 2833 1261 2885 per

67 2923 68 2954 3
144 2893 208 2954 vim,
235 2891 282 2942 sed
300 2888 406 2942 minime
426 2888 470 2941 01
498 2891 587 2956 (quem
612 2907 644 2942 en
665 2889 709 2940 02
736 2889 899 2956 descriptsun
922 2888 1029 2956 putauit
1047 2890 1154 2955 Perte);
1176 2907 1261 2956 neque

67 2967 68 2977 ¹
144 2963 187 3015 bic
211 2964 380 3016 Dunodicam
403 2981 457 3030 pro
485 2964 656 3015 Dimodicam
683 2964 802 3030 praebet.
851 2963 992 3016 Eiusmodi
1019 2964 1200 3029 corruptiones
1228 2979 1261 3016 erc

100 3089 102 3097 .
144 3037 236 3102 quouis
255 3036 343 3089 codice
360 3038 437 3089 nasci
450 3037 581 3103 potuisse,
607 3037 652 3088 viu
678 3047 716 3088 est
742 3037 813 3103 quod
831 3054 961 3089 moneam.
998 3037 1129 3088 Maiorem
1154 3037 1261 3088 dubita·

145 3109 240 3160 tionem
258 3112 353 3175 secere
377 3111 483 3162 ridetur
509 3112 581 3161 meus
611 3128 637 3161 a.
665 3111 745 3175 1189,
775 3111 820 3161 ubi
844 3112 874 3161 in
897 3111 923 3161 B
947 3111 1020 3177 quod
1043 3119 1110 3162 recte
1134 3110 1261 3176 scriptun

68 3212 71 3257 ἶ
144 3187 203 3234 crat
227 3183 320 3235 Iconio
346 3192 489 3236 correctum
514 3182 634 3234 uidemus
659 3185 771 3246 Leonis,
804 3193 831 3235 et
856 3185 904 3235 boc
929 3185 958 3235 in
987 3193 1097 3251 utroque
1126 3184 1213 3236 codice
1239 3183 1263 3235 0

69 3264 71 3277 ’
143 3255 263 3323 leqisnus.
282 3254 355 3308 'Sed
373 3257 452 3309 etiam
471 3256 496 3306 A
515 3256 562 3308 boc
576 3257 697 3321 praebet.
735 3257 826 3319 Quare
850 3264 998 3309 statuamus
1023 3263 1131 3323 oportet,
1155 3257 1185 3308 iu
1199 3257 1258 3324 pri·

143 3345 264 3380 maccam
300 3329 440 3382 chronicae
470 3329 647 3382 recensionem
678 3330 748 3381 burae
785 3330 922 3396 irrepsisse
953 3347 1083 3392 errorcm,·
1120 3329 1259 3381 librarium

142 3401 241 3454 codicis
259 3403 293 3468 B,
320 3402 368 3469 qui
392 3403 425 3454 dc
449 3405 553 3468 Iconio,
577 3419 661 3470 neque
685 3420 746 3456 uero
772 3403 805 3454 de
828 3403 950 3455 inaudito
978 3420 1044 3456 surse
1063 3405 1166 3455 Leonis
1192 3420 1258 3454 com·

141 3484 246 3540 percum
270 3475 374 3541 babuit,
406 3486 473 3528 recte
504 3477 574 3529 illud
601 3475 745 3542 scripsisse,
778 3477 825 3528 sed
852 3477 899 3542 qui
924 3476 1038 3529 codicem
1062 3476 1099 3527 ad
1124 3479 1260 3542 exemplar

143 3549 271 3600 uetustius
298 3551 438 3618 eastiqacit
455 3551 560 3616 salsam
585 3550 719 3603 lectionem
746 3549 901 3602 restituisse.
952 3549 1160 3616 Nonucuuquam
1184 3549 1210 3602 B
1235 3557 1260 3604 et

144 3618 169 3671 0
193 3619 222 3672 in
245 3623 329 3686 salsis
360 3621 513 3676 lectionibus
545 3625 714 3688 concordant,
749 3641 770 3677 e.
795 3643 836 3692 qr.
861 3640 888 3676 a.
917 3623 995 3676 1185.
1028 3639 1184 3676 conversam
1205 3641 1258 3690 pro

142 3709 278 3760 everssm3
305 3696 385 3746 1187.
404 3700 447 3748 ius
467 3697 648 3764 appellatione
662 3715 716 3764 pro
734 3701 776 3750 ins
796 3697 995 3765 appellationis,
1020 3697 1091 3762 quod
1109 3697 1138 3748 in
1156 3698 1183 3749 Β
1196 3703 1260 3764 post

143 3777 299 3820 correctum:
322 3773 364 3822 ius
389 3773 417 3822 in
444 3770 633 3838 appellatione.
670 3769 743 3822 Alibi
768 3769 791 3822 0
811 3789 904 3824 oerum
929 3771 1041 3833 babent,·
1072 3788 1098 3822 a.
1127 3771 1206 3822 1189.
1232 3771 1260 3822 B

70 3855 72 3902 ζ
142 3839 258 3906 plurima
282 3843 367 3894 omisit
374 3863 382 3903 ;
406 3852 504 3910 postea
531 3843 577 3894 ubi
597 3843 619 3894 0
638 3846 690 3895 hac
709 3857 767 3910 pra
788 3862 821 3896 ac
844 3853 951 3911 ponunt
974 3861 1119 3911 perperam
1150 3851 1177 3895 et
1206 3845 1259 3896 hac

142 3913 264 3980 εονίρεὶις
285 3933 338 3980 pro
364 3919 485 3969 omnibus
514 3916 544 3968 in
562 3917 610 3968 Bl
637 3918 763 3970 libraritcs
789 3918 900 3986 saepsit
920 3919 1071 3984 comitibus,
1094 3926 1156 3982 post
1181 3934 1258 3968 coca·

141 3986 233 4039 bulum
250 3987 321 4040 iliud
340 3990 453 4054 addidit,
479 3999 509 4042 ut
524 4007 668 4057 perperam
692 3993 834 4043 comitibus
860 3994 983 4044 omnibus
1003 3992 1113 4058 leqatur.
1152 3991 1257 4043 Notan-

69 4043 71 4080 ⁴
143 4058 206 4110 dcem
224 4078 294 4125 cero,
315 4063 387 4128 quod
407 4081 433 4114 a.
454 4065 533 4116 1198.
554 4081 682 4132 meamea
701 4066 787 4130 Pium,
813 4082 864 4131 quo
883 4065 934 4116 Bl
959 4064 1077 4118 Ottcuem
1095 4064 1115 4114 I
1119 4064 1149 4116 V.
1177 4065 1258 4116 bono·

69 4161 70 4184 1
141 4131 221 4197 rucit,
233 4145 294 4200 past
313 4153 427 4200 erasum,
446 4137 475 4189 in
496 4137 540 4189 02
560 4147 694 4190 servatum
713 4155 776 4202 csse,
796 4139 825 4189 iu
846 4137 868 4190 C
878 4141 890 4188 1
912 4154 973 4190 aero
988 4137 1095 4204 pariter
1114 4155 1145 4190 ac
1162 4138 1191 4188 in
1206 4135 1259 4188 Aa

69 4277 70 4280 Ἴ
140 4203 299 4261 desiderari.
336 4208 461 4263 Attamen
485 4229 560 4264 nemo
579 4211 604 4262 A
629 4227 661 4263 ea
680 4212 707 4262 B
730 4211 855 4265 derivare
879 4213 964 4264 uellet.
1003 4209 1102 4262 Locum
1126 4228 1152 4264 a.
1175 4211 1257 4263 1181.

140 4277 169 4329 in
191 4278 214 4330 0
229 4282 350 4334 eddium
363 4292 427 4350 post
446 4283 530 4337 ecdici
548 4284 656 4336 acidam
673 4285 800 4337 insertum
819 4301 882 4348 esse,
907 4285 989 4336 uerba
1015 4284 1108 4337 docere
1133 4282 1260 4336 sidentur

141 4352 172 4403 in
192 4352 238 4404 01
267 4366 388 4410 sauata:
415 4359 488 4425 quod
512 4361 541 4410 in
567 4361 618 4410 hac
638 4359 743 4410 sceduli
762 4359 806 4410 vel
829 4358 979 4424 (scedulil)
1003 4374 1040 4410 se.
1065 4358 1191 4424 sumtum
1217 4357 1261 4409 cel

139 4436 283 4481 narratum
302 4439 348 4482 est.
423 4431 453 4500 4)
475 4429 514 4499 ΟΥ.
527 4431 644 4485 Bbbmer
660 4450 686 4498 p.
701 4445 809 4496 ΠΜ
829 4431 968 4483 Lehmann
981 4448 1013 4497 p.
1034 4432 1068 4482 60
1088 4448 1142 4497 sqq.

998 4516 1031 4579 B
