3098 4982
287 354 342 405 294
411 352 599 405 cneorum
617 353 730 405 auom
750 352 1004 406 COLONIENSIS.
1024 353 1128 407 CONT.
1143 354 1175 405 V.
1194 354 1226 405 A.
1243 353 1322 406 1248.
1358 389 1361 396 -

288 523 412 588 tissime
426 522 539 608 patuit,
561 522 648 608 quod
669 543 767 608 capsa
781 521 878 585 trium
891 543 1006 606 regum
1028 521 1153 587 deloco
1169 542 1228 588 suo
1251 522 1285 584 in
1306 522 1421 586 medio

290 605 424 671 ecclesie
450 606 642 672 constituta·
670 607 712 671 ad
740 608 871 670 ianuam
902 605 1036 670 ecclesie
1063 616 1138 673 ante
1168 607 1419 671 succensionem

289 692 373 776 ignis
396 688 502 756 delata
521 689 637 770 fuerat,
657 713 721 755 non
739 693 855 756 timore
876 690 971 776 ignis,
994 689 1052 755 sed
1066 692 1182 757 timore
1197 691 1419 777 quassationis

289 796 467 856 murorum,
503 783 535 839 et
562 795 636 839 cum
662 775 762 840 multo
796 773 916 856 labore,
954 797 1027 839 cum
1064 775 1199 840 eeclesia
1227 784 1296 840 tota
1323 774 1419 839 fumo

289 858 485 944 impleretur,
510 858 723 948 [exportatae]
746 861 815 924 sine
842 857 950 945 aliqua
976 857 1096 924 lesione
1122 861 1251 945 integra
1279 868 1328 923 est
1350 881 1418 922 ser-

290 952 375 1008 vata.
409 941 579 1008 Oonradus
600 954 710 1009 autem
730 943 838 1008 archie
863 944 1004 1029 iscopus‚
1024 942 1155 1029 prelatis
1175 941 1418 1025 ecclesiasticis,

290 1026 453 1092 nobilibus
472 1037 556 1092 terre
577 1050 617 1092 ac
637 965 898 1093 ministerialibus
921 1029 988 1091 suis
1010 1029 1152 1092 evocatis
1173 1026 1418 1092 innumerabili-

292 1133 355 1197 que
376 1109 580 1176 multitudine
601 1112 714 1199 populi
735 1113 854 1178 verbo⁰
877 1112 1107 1176 exhortationis
1122 1134 1181 1198 per
1218 1111 1417 1176 redicatores

292 1195 447 1278 attractis,
476 1204 550 1281 post
571 1195 818 1282 completionem
840 1194 991 1262 solemnis
1012 1197 1110 1262 misse
1139 1197 1173 1260 in
1194 1135 1247 1261 lie
1269 1217 1418 1280 assump-

177 1296 235 1349 aaa.
245 1298 280 1341 ιο.
292 1281 388 1344 tionis
417 1279 511 1344 beate
534 1279 635 1345 Marie
662 1281 797 1366 virginis
824 1281 1013 1367 primarium
1045 1279 1187 1366 lapidem
1216 1281 1316 1366 ponit,
1346 1289 1418 1344 tam

292 1365 482 1428 auctoritate
505 1362 627 1427 domini
648 1387 732 1450 pape
755 1387 852 1451 quam
875 1384 934 1428 sua
956 1365 1088 1450 propria
1110 1374 1142 1429 et
1162 1364 1260 1450 legati
1287 1385 1417 1428 necnon

292 1456 325 1514 et
352 1448 495 1512 omniurn
522 1447 797 1533 suffraganeorum
820 1446 1023 1513 Coloniensis
1051 1448 1185 1514 ecclesie
1213 1447 1418 1534 indulgentia

291 1531 459 1617 hueusque
487 1531 632 1596 inaudita
653 1531 802 1597 fidelibus
832 1531 917 1614 data,
949 1533 1005 1618 qui
1032 1555 1107 1596 suas
1129 1531 1180 1597 vel
1202 1533 1340 1598 darent‘¹
1361 1531 1418 1597 vel

292 1617 454 1680 mitterent
475 1614 665 1682 elemosinas
687 1617 728 1681 ad
743 1617 898 1683 fabricam
914 1615 1048 1681 ecclesie
1062 1627 1247 1682 memorate.
1283 1617 1335 1681 Ab
1358 1615 1416 1680 illo

292 1721 371 1785 ergo
393 1710 537 1785 tempore
559 1700 804 1767 fundamentum
817 1722 900 1765 nove
922 1699 1055 1766 basilice
1071 1701 1156 1765 beati
1171 1701 1268 1780 Petri,
1291 1700 1418 1765 scilicet

292 1783 424 1848 maioris
445 1782 581 1849 ecclesie
602 1787 636 1848 in
658 1783 803 1866 Colonia,
830 1785 911 1849 mire
932 1783 1111 1851 latitudinis
1134 1795 1165 1851 et
1187 1785 1417 1870 profunditatis

292 1867 390 1953 largis
413 1869 593 1954 sumptibus
616 1878 665 1933 est
683 1871 855 1939 initiatum.

377 1952 499 2018 Eodem
532 1973 617 2017 anno
647 1952 816 2018 Corradus
847 1952 1109 2039 archiepiscopus
1137 1952 1338 2018 Coloniensis
1371 1953 1417 2018 ad

293 2056 480 2100 succursum
516 2036 761 2136 archiepiscopo
803 2037 1015 2103 Treverensi¹
1058 2035 1226 2101 ferendum
1263 2048 1418 2123 properat

294 2131 406 2185 contra
426 2118 542 2184 multos
562 2120 687 2186 nobiles
709 2133 741 2186 et
768 2131 913 2207 potentes
943 2122 1082 2208 partium
1113 2123 1325 2207 superiorum,
1358 2123 1417 2207 qui

294 2213 362 2268 tam
390 2202 540 2291 precibus
567 2227 664 2292 quam
696 2207 836 2292 pecunia
864 2204 965 2269 multa
993 2205 1151 2269 Zornonis
1183 2205 1415 2270 massalae-²

295 2286 388 2354 electi
421 2299 576 2354 venerant
611 2289 734 2355 solvere
766 2289 966 2356 obsidionem
998 2290 1095 2354 castri
1121 2289 1248 2372 Turun,
1282 2291 1322 2354 de
1371 2313 1416 2354 uo

295 2373 360 2436 iam
381 2394 512 2459 prorsus
534 2385 666 2460 propter
686 2375 855 2460 penuriam
876 2372 1064 2437 victualium
1087 2372 1290 2439 defecerantr
1311 2313 1421 2439 delen-

297 2479 397 2522 sores.
439 2458 504 2522 Per
531 2459 621 2522 cuius
644 2458 879 2544 archiepiscopi
902 2455 1127 2522 Coloniensisss
1154 2461 1361 2544 sagacitatem
1385 2468 1420 2523 et

295 2539 486 2606 industriam
509 2542 643 2627 quidam
664 2551 811 2626 potentes
827 2565 869 2607 ex
883 2541 932 2605 his
948 2542 1004 2627 qui
1019 2553 1234 2607 convenerant
1248 2543 1290 2607 ad
1305 2564 1418 2607 recon-

296 2624 491 2690 ciliationem
526 2625 760 2711 archiepiscopi
789 2624 996 2690 Treverensis
1031 2625 1163 2691 indilate
1194 2626 1419 2710 admittuntur,

297 2707 352 2772 alii
373 2718 460 2773 metu
476 2706 676 2774 Coloniensis
698 2711 823 2774 territil
844 2709 956 2794 fugam
977 2711 1098 2775 ineunt
1142 2711 1186 2774 Et
1207 2711 1254 2774 sic
1276 2720 1419 2776 castrum

297 2793 419 2873 Turum
449 2791 534 2877 quod
557 2803 625 2858 erat
645 2792 813 2858 latibulum
835 2793 1015 2880 predonum
1043 2804 1076 2859 et
1098 2793 1231 2860 malleus
1252 2807 1418 2860 transeun-

296 2877 388 2958 tium,
410 2877 443 2939 in
457 2886 649 2961 potestatem
670 2876 800 2943 devenit
817 2877 1017 2944 Coloniensis
1039 2888 1072 2944 ct
1085 2879 1292 2944 Treverensis
1313 2879 1419 2944 archi-

297 2981 315 3024 e
340 2960 532 3059 iscoporum.
576 2961 641 3042 Qui
662 2960 752 3043 illud,
775 2962 939 3028 destructa
959 2971 1046 3027 turre
1068 2964 1213 3049 episcopi
1227 2962 1418 3048 Engelberti

327 3043 498 3108 olonrensis
529 3045 763 3133 archiepiscopi
794 3047 870 3111 olim
903 3045 1023 3112 ibidem
1056 3056 1229 3128 exstructa,
1266 3049 1351 3112 facto
1377 3071 1417 3112 ue

296 3150 388 3230 muro
409 3129 608 3256 intermedio,
631 3132 715 3195 inter
736 3154 771 3196 se
786 3130 935 3196 dividunt
955 3152 1111 3217 suamque
1132 3142 1259 3216 partem
1281 3070 1418 3218 quilibet

297 3235 363 3278 suls
385 3223 516 3279 munlt.

379 3297 456 3384 Ipso
471 3319 556 3362 anno
571 3296 782 3364 Ludovicus¹¹
804 3321 863 3364 rex
877 3297 1013 3365 Francia
1027 3298 1276 3365 revelationibus
1298 3301 1417 3365 divinis

296 3389 329 3445 et
350 3381 451 3468 signis
472 3389 620 3468 patenter
643 3381 917 3448 crebrescentibus
938 3383 1101 3462 incitatus,
1129 3382 1170 3447 ad
1192 3383 1416 3449 liberationem

296 3464 395 3531 Terre
425 3465 543 3531 Sancte
568 3465 809 3565 expeditionem
838 3467 947 3549 movit,
982 3467 1265 3554 instrumentisque
1291 3467 1416 3534 bellicis

296 3559 328 3614 et
342 3549 498 3614 machinis
512 3549 684 3615 artificiose
699 3551 894 3636 compositis,
910 3571 1034 3615 necnon
1044 3551 1238 3617 victualibus
1250 3551 1417 3618 affluenter

295 3634 483 3719 preparatis,
505 3655 579 3697 cum
602 3655 704 3698 uxore
726 3656 835 3699 secum
857 3634 998 3700 adducta
1018 3657 1037 3698 a
1062 3635 1106 3700 ud
1128 3635 1306 3700 Massiliam
1328 3658 1416 3703 mare

296 3715 483 3782 conscendit
501 3716 798 3805 Lymoeiumque¹·³
821 3719 984 3784 civitatem
1007 3657 1176 3810 [llbprimh
1200 3719 1416 3807 quibusdam¹¹

296 3931 321 3986 a)
337 3933 417 3973 statutt
432 3934 558 3976 constituta
574 3936 624 3977 Da.
683 3934 708 3986 b)
723 3937 779 3976 dem
794 3938 844 3980 Dl.
896 3935 1053 3987 e)veroD1.
1115 3937 1139 3989 d)
1153 3938 1192 3979 vel
1208 3937 1291 3980 darent
1305 3941 1349 3980 der.
1366 3942 1416 3982 Da.

296 3989 319 4044 e)
336 3992 473 4034 marschslel
487 3994 537 4035 Dr.
581 3991 744 4044 ndeflcerent
758 3993 806 4038 Da.
859 3994 882 4046 3)
899 3998 954 4037 deest
969 3998 1019 4037 Da.
1064 3994 1089 4048 h)
1106 3999 1166 4037 tanti
1182 3997 1235 4038 Dl.
1280 3997 1298 4050 t)
1316 4001 1417 4040 munivit

295 4051 345 4091 suls
360 4052 409 4093 Da.
470 4049 495 4102 k)
511 4051 650 4094 Lodnwleus
665 4055 716 4096 Da.
777 4054 971 4108 l)1nnocumque
987 4055 1038 4097 Μ.
1090 4055 1123 4108 m)
1139 4057 1194 4096 duat
1209 4057 1261 4099 Dl.
1322 4057 1346 4104 n)
1364 4069 1416 4099 cum

295 4109 436 4159 quibusoam
451 4111 502 4152 Dl.

298 4277 326 4342 l)
345 4276 463 4331 Amoldo
488 4279 531 4332 II.
572 4281 604 4331 A.
687 4280 717 4348 2)
738 4280 780 4347 Cy‘.
806 4281 838 4334 O.
869 4283 946 4335 ibeo.
971 4289 1038 4335 corat.
1065 4281 1115 4335 SS.
1141 4283 1246 4348 XXIV,
1267 4286 1413 4353 p.408sq.

293 4351 326 4418 3)
345 4350 466 4406 Isimicac.
504 4353 539 4405 A.
