3098 4982
288 339 342 392 284
418 339 605 391 cusonlcs
625 339 739 391 REGIA
759 337 1013 390 COLONIENSIS.
1034 338 1181 391 CONT.V.
1200 340 1233 390 Δ.
1247 338 1326 389 1243.

287 507 497 574 subventione
518 507 580 571 sibi
600 507 730 570 nomine
752 506 854 591 gratie
874 505 1092 590 impendenda
1106 507 1239 572 adiectis
1254 504 1427 592 precibus

288 592 489 674 admonente,
511 591 635 678 priores
653 598 684 654 et
708 588 811 653 clerus
826 590 972 676 petitioni
995 592 1065 656 eius
1088 613 1130 655 ex
1153 591 1292 655 evidenti
1308 610 1423 654 causa

288 685 475 758 annuentes,
497 697 561 740 uno
583 696 667 739 anno
690 673 847 739 dederunt
868 673 1047 739 decimama
1065 676 1208 739 omnium
1223 674 1423 739 reddituum-

287 783 418 825 suorum
454 759 744 826 ecclesiasticorum
786 759 821 821 in
862 757 1041 823 subsidium
1079 759 1330 845 archiepiscopi,
1378 767 1423 823 et

287 845 434 932 sequenti
455 867 538 909 anno
559 843 747 908 vicesimam
769 841 952 907 reddituum
975 843 1180 909 eorundem1.
1281 862 1284 868 ·

373 929 446 993 Hoc
477 950 560 993 anno
583 936 725 992 castrum
748 927 912 992 Tuitiense
937 948 996 1012 pro
1019 949 1058 991 eo
1088 927 1175 1014 quod
1203 927 1316 992 terrori
1338 934 1421 990 erat

289 1012 415 1077 civitati
437 1011 620 1078 Coloniensi
629 1013 653 1094 l,
686 1010 761 1076 licet
781 1023 934 1096 tanquam
955 1010 1087 1098 pupillis
1115 1011 1241 1077 civibus
1270 1009 1420 1074 idoneus

287 1105 373 1161 tutor
401 1098 622 1162 necessarius⁰
643 1095 808 1160 videretur
834 1117 904 1159 esse
931 1105 1042 1179 terror,
1072 1095 1172 1160 multa
1223 1097 1337 1159 ecunia
1366 1093 1418 1159 ab

288 1181 299 1243 i
324 1181 368 1244 sis
390 1181 513 1246 civibus
535 1188 678 1278 emptum
686 1181 710 1260 ἃ,
725 1179 868 1243 frmditus
884 1178 1069 1262 destruitur,
1114 1119 1253 1245 rioribus
1297 1177 1416 1243 uidem

289 1203 481 1345 dblentibus,
504 1262 750 1349 archiepiscopo
771 1273 879 1328 autem
900 1273 932 1327 et
953 1267 1070 1329 comite
1091 1204 1133 1330 de
1148 1265 1258 1329 Monte
1276 1202 1415 1327 lacilem

288 1347 466 1414 venditioni
493 1347 719 1412 adhibentibus
748 1367 938 1411 consensum
946 1359 969 1429 ²,
998 1349 1073 1434 quia
1102 1349 1240 1412 divisum
1267 1349 1350 1411 inter
1375 1369 1414 1412 se

287 1432 441 1498 tenebant
463 1441 614 1514 castrum,
643 1442 788 1516 utroque,
819 1432 874 1516 qui
902 1441 1005 1497 totum
1031 1454 1096 1495 non
1116 1432 1239 1512 habuit,
1272 1454 1305 1495 se
1326 1429 1414 1494 nihil

287 1516 406 1581 habere
420 1515 605 1580 arbitrante.
643 1514 671 1580 O
689 1524 843 1602 quantum
858 1527 907 1580 est
926 1517 959 1580 in
973 1516 1069 1580 rebus
1085 1517 1193 1580 inane!
1218 1515 1414 1581 Omiranda

288 1599 673 1681 mutabilitastcastrum
695 1598 930 1685 amplissimum
952 1602 1042 1686 pacis
1064 1609 1208 1687 tempore
1229 1599 1317 1663 nullo
1338 1599 1413 1684 pul-

288 1695 378 1749 sante
401 1683 540 1750 tumultu
560 1683 670 1750 videre
692 1685 808 1748 nostris
829 1683 1027 1769 temporibus
1051 1683 1213 1749 deiectum·
1232 1694 1315 1749 terre
1339 1705 1413 1748 coe-

289 1770 391 1856 quari,
414 1768 500 1856 quod
532 1770 566 1832 in
596 1769 732 1833 circuitu
753 1767 943 1853 cingebante
966 1767 1149 1854 quindecim
1170 1779 1273 1832 turres
1301 1777 1413 1853 preter

288 1855 392 1917 maius
407 1853 582 1938 presidium
599 1862 631 1916 et
651 1853 861 1933 interturria‘,
889 1874 970 1938 opus
986 1853 1164 1939 antiquum,
1186 1863 1250 1917 tam
1267 1860 1413 1916 exstruc-

289 1938 386 2002 tionis
412 1959 530 2022 genere
588 1958 664 2000 uam
690 1936 932 2021 magnitudine&
954 1935 1159 2017 admirabile,
1189 1937 1410 2000 firmissimum

289 2030 322 2085 et
343 2023 509 2088 munitum.
553 1960 658 2086 liuius
674 2021 929 2120 castrinquedam
946 2021 1073 2084 edificia
1087 2030 1245 2086 vetustate
1268 2018 1412 2105 collapsa

288 2105 374 2170 idem
386 2104 646 2254 archiepiscopus
662 2106 799 2190 copiosrs
812 2105 991 2190 sumptibus
1007 2114 1039 2169 et
1050 2106 1198 2190 expensis
1213 2106 1245 2168 in
1258 2105 1411 2191 proximo

290 2200 363 2254 ante
385 2190 467 2254 hano
513 2191 739 2254 astructionem
758 2200 923 2274 repararet
950 2200 982 2254 et
1002 2190 1181 2254 adiectione
1203 2210 1285 2253 nove
1309 2199 1411 2251 struc-

289 2283 361 2338 ture
384 2296 482 2359 opera
503 2275 568 2338 anti
592 2295 707 2337 uorum
734 2274 827 2335 firma
854 2283 887 2337 et
914 2275 1087 2359 perspicua
1113 2273 1296 2338 reddiderat
1317 2295 1410 2357 spec-

289 2357 446 2423 tabiliora.
488 2296 685 2422 Dicebatur³
709 2367 818 2421 autem
839 2361 969 2442 passim,
997 2360 1058 2422 hoc
1080 2369 1220 2422 castrum
1244 2358 1410 2422 Tuitiense

289 2464 347 2528 per
361 2442 478 2506 Iulium
494 2441 646 2506 Cesarem
668 2441 772 2526 primo
795 2441 893 2504 fuisse
908 2440 1076 2506 fundatum
1095 2452 1127 2507 et
1141 2450 1409 2507 consummatum.
1521 2469 1522 2472 ¹

289 2528 465 2592 Processuh
497 2548 572 2590 vero
596 2525 750 2610 temporis
778 2525 967 2610 antiquitate
990 2525 1165 2613 collapsum
1186 2525 1411 2590 affirmabatur

289 2621 354 2676 tem
381 2633 434 2674 ore
457 2609 659 2675 Constantini
687 2610 888 2693 imperatoris
914 2609 957 2673 ad
978 2609 1132 2676 honorem
1152 2610 1255 2695 ipsius
1278 2634 1297 2675 a
1318 2610 1407 2695 prin-

289 2634 416 2780 cipibus
438 2695 536 2758 terrei
557 2703 743 2778 reparatum
761 2701 793 2755 et
815 2691 1026 2777 melioratum,
1049 2716 1186 2780 quorum
1202 2715 1282 2780 opus
1303 2692 1409 2759 littere

289 2777 412 2864 sculpte
440 2779 474 2841 in
494 2775 657 2863 lapidibus
683 2775 873 2863 plerumque
898 2778 933 2840 in
960 2779 1105 2844 eiusdem
1135 2779 1275 2844 turribus
1304 2776 1408 2842 decla-

203 2854 211 2873 '
288 2860 411 2927 rabant
454 2863 664 2927 Postmodum
696 2870 803 2925 autem
834 2869 976 2948 ternpore
1010 2862 1136 2928 Ottonis
1168 2864 1280 2948 Magni
1311 2863 1409 2946 primi

289 2946 501 3031 imperatoris,
538 2956 702 3032 satagente
734 2945 891 3010 industria
924 2957 955 3012 et
983 2949 1266 3032 circumspectione
1298 2946 1407 3010 domni

290 3030 451 3094 Brunonis
473 3028 672 3095 Coloniensis
694 3029 936 3129 archiepiscopi,
966 3032 1072 3096 fratris
1098 3031 1241 3096 eiusdem
1268 3031 1407 3115 impera-

289 3114 399 3194 torisl,
431 3113 518 3180 idem
548 3125 687 3180 castrum
717 3123 868 3178 assentur
895 3136 955 3201 pro
982 3127 1073 3202 parte
1100 3113 1241 3200 dirutum
1268 3114 1407 3179 iacuisse

289 3197 466 3348 pendiuq,
489 3199 593 3264 donec
609 3200 668 3264 sub
691 3199 832 3263 Henrico
855 3198 997 3263 secundo
1019 3202 1210 3286 imperatore
1233 3198 1275 3262 ad
1296 3219 1407 3283 preces

313 3284 376 3348 eati
402 3282 577 3367 Heriberti,
611 3295 688 3349 tunc
719 3294 783 3347 tem
809 3284 872 3347 oris
902 3282 1101 3349 Coloniensis
1133 3282 1402 3369 archiepiscopiffl,

289 3367 383 3433 beate
404 3369 506 3433 Mario
528 3369 646 3452 virgini
667 3367 729 3432 fuit
756 3306 927 3432 liberaliter
948 3367 1160 3432 contraditum
1182 3367 1224 3430 ad
1246 3377 1405 3431 construc-

288 3453 433 3517 tionem¹¹
455 3452 637 3518 faciendam
658 3453 906 3515 monasterium⁰
928 3453 1160 3517 monachorum
1181 3452 1266 3536 nigri
1288 3451 1404 3514 ordinis

290 3538 391 3601 sancti
405 3536 582 3601 Benedicti.
626 3537 731 3600 Huius
753 3537 938 3601 monasterii
954 3559 987 3600 se
1011 3547 1044 3601 ta
1057 3537 1174 3623 partim
1192 3543 1403 3620 occupaverat

290 3622 425 3685 munitio
448 3621 555 3702 castri,
578 3643 640 3708 que
662 3618 866 3706 postmodum
888 3620 973 3684 facta
986 3559 1091 3686 luerat
1104 3629 1248 3704 tempore
1264 3617 1402 3684 Conradi

289 3802 312 3855 a)
329 3804 452 3854 pecuniam
468 3803 516 3846 Μ.
554 3800 578 3854 b)
595 3803 677 3842 civitas
693 3801 839 3844 Ootontensts
855 3803 902 3844 ΒΞ.
942 3800 963 3852 e)
979 3805 1113 3842 necessario
1128 3802 1176 3843 Μ.
1208 3800 1231 3854 d)
1246 3802 1344 3851 {mptum
1360 3799 1400 3840 02

288 3861 308 3912 (t
322 3874 347 3903 es
362 3873 375 3902 e
390 3867 507 3902 conectam
521 3861 626 3913 vidam),
641 3861 806 3911 impetratum?
821 3864 843 3903 0.
882 3861 904 3914 e)
921 3862 1030 3912 cingebat
1045 3863 1066 3901 D
1075 3865 1093 3903 t.
1104 3862 1124 3902 8.
1175 3857 1194 3911 ί)
1211 3861 1338 3902 intercnrie
1352 3859 1373 3898 D
1382 3861 1401 3902 1.

289 3920 313 3972 g)
330 3921 497 3970 magnitudinis
513 3921 562 3962 Da.
621 3918 645 3972 h)
661 3921 787 3970 Progressa
803 3922 851 3962 Μ.
919 3920 937 3973 1)
953 3922 1010 3961 deest
1024 3921 1075 3962 Μ.
1136 3917 1402 3972 notatissimum.

289 3980 307 4031 l)
324 3982 379 4021 deest
395 3980 445 4023 Dl.
505 3980 537 4033 m)
554 3981 616 4020 arch.
634 3980 682 4022 Col.
699 3982 746 4021 Dr.
808 3978 833 4032 n)
848 3980 1026 4022 instructionem
1042 3981 1091 4020 D2.
1153 3977 1176 4032 o)
1191 3980 1223 4019 ita
1238 3979 1316 4019 Dat.

291 4123 319 4190 1)
334 4120 375 4190 Gf.
394 4122 545 4175 Lacomblet
563 4123 605 4187 II,
626 4122 687 4189 148,
707 4139 744 4190 eq.
764 4141 805 4177 nr.
826 4124 889 4176 285.
928 4121 1062 4187 (Qaellen
1080 4139 1130 4174 aar
1146 4123 1239 4176 Geeeh.
1259 4121 1308 4175 der
1325 4120 1402 4174 Stedt

289 4197 669 4262 Kola’11‚238‚ar.234).
704 4200 738 4250 A.
822 4196 852 4264 2)
871 4197 1022 4249 Lecomblet
1039 4195 1082 4260 II,
1102 4197 1164 4249 242.
1203 4195 1344 4259 (‘Quellen’
1361 4195 1404 4256 II,

284 4289 317 4338 p.
329 4271 497 4336 aas-232).
535 4268 564 4338 3)
580 4268 725 4336 Sequentia
743 4277 830 4324 noster
849 4287 881 4323 ee
900 4271 965 4323 libro
978 4271 1093 4337 Ruperti
1112 4271 1214 4322 abbatie
1232 4271 1265 4323 de
1284 4268 1401 4322 incendio

293 4344 423 4398 diutinasti
442 4342 505 4407 (SS.
518 4343 586 4406 XII,
607 4345 659 4394 632
679 4347 730 4411 sq.)
750 4344 871 4397 baaebee
889 4343 1002 4397 videtur.
1042 4343 1069 4397 0.
