2988 5058
238 386 287 464 EX
306 385 399 450 mur.
420 387 700 439 EXPEDITIONUM
720 387 760 437 IN
778 387 927 468 TERRAM
946 386 1123 438 SANCTAM.
1186 385 1240 437 347

2 569 18 643 ζ·
115 557 229 623 mcdio
250 554 391 620 fluminis
413 554 507 620 huius
529 554 635 640 posita
657 563 704 620 est
725 554 854 635 turrisr,
884 575 947 640 que
970 553 1067 619 clavis
1089 553 1319 619 Damiaterrts.

6 653 19 727 Ρ
114 651 152 706 et
170 649 268 740 porta
289 639 392 704 tocius
406 639 528 725 Egypti
550 649 657 725 potest
671 638 861 723 nuncupari.
903 637 987 703 Nam
1008 660 1029 702 a
1050 660 1142 703 muro
1164 638 1242 702 civi-

2 741 16 779 l
115 733 197 790 tatis
218 724 261 789 ad
289 721 372 786 hanc
400 724 517 802 turrim,
546 721 681 788 cathena
708 721 818 787 Nilum
851 719 1003 788 claudens
1052 722 1241 805 rotanditur,

2 826 15 896 [ς
115 830 186 895 que
208 807 283 872 solis
305 806 537 872 mercatoribus
559 807 601 871 ad
616 807 803 892 replendam
815 806 1003 893 Egyptumh
1031 807 1242 872 estinantibus

2 911 15 951 t
115 892 163 958 ad
185 892 374 957 effusionem
395 890 533 956 thelonei
555 890 648 956 solita
663 900 718 983 ¹est
738 891 866 977 aperiri.

270 1036 299 1100 7.
332 1033 392 1099 De
414 1035 720 1120 expugnatione
743 1034 868 1098 turris
889 1033 1093 1097 Damiate.

204 1154 460 1220 Advenientibus
482 1163 592 1218 autem
614 1152 806 1239 patriarcha,
837 1174 914 1237 rege
942 1161 974 1218 et
995 1152 1077 1218 duce
1098 1152 1241 1234 Austris,

2 1311 4 1315 .
117 1240 154 1303 in
177 1238 287 1304 divino
308 1237 418 1303 labore
439 1237 578 1324 glorioso
601 1247 713 1302 contra
733 1236 847 1302 turrim
868 1246 974 1302 erecte
994 1244 1068 1301 sunt
1082 1235 1240 1319 machine,

119 1324 265 1410 petraria
286 1333 318 1388 et
339 1320 516 1405 trabucoli;
538 1321 595 1386 sed
616 1321 676 1386 hec
698 1321 805 1385 omnia
819 1321 878 1384 vix
891 1319 1060 1406 pulverem
1081 1319 1121 1385 de
1143 1320 1240 1386 turris

117 1406 267 1472 eiusdem
299 1406 468 1492 superficie
499 1407 570 1470 visa
602 1414 676 1470 sunt
706 1405 899 1469 excussisse.
949 1404 1037 1484 Quid
1071 1425 1147 1490 crgo
1179 1404 1241 1470 viri

117 1491 249 1556 virtutis
271 1489 426 1576 agerent?
468 1490 552 1555 Miro
581 1490 711 1576 ingenio
733 1489 923 1575 magnisque
944 1486 1109 1553 laboribus
1131 1497 1163 1554 et
1184 1511 1241 1554 ex·

120 1575 230 1660 pensis
258 1575 342 1640 scale
372 1574 435 1639 due
464 1597 561 1639 suar
587 1595 698 1656 naves,
753 1594 811 1636 uas
840 1575 946 1637 verius
974 1582 1089 1657 pontes
1117 1593 1240 1636 nuncu-

1 1663 4 1744 }
118 1658 244 1744 pandas
260 1679 383 1740 censeo,
405 1597 631 1723 extenduntur.
664 1657 730 1723 Sed
767 1656 822 1720 eul
837 1657 1020 1722 festinantia
1034 1657 1241 1756 precipitavit
1317 1677 1318 1680 ’

2 1747 3 1752 ’
119 1763 214 1828 opus.
253 1741 337 1806 Nam
360 1764 434 1805 cum
455 1742 498 1807 ad
519 1744 633 1806 turrim
654 1742 754 1805 iama
778 1739 890 1839 plicari
905 1740 1102 1822 debuissent,
1124 1740 1240 1804 tracti⁰

120 1833 196 1890 sunt
225 1824 323 1905 mali,
347 1824 464 1891 milites
497 1847 560 1910 quo
585 1847 626 1889 ue
657 1834 690 1889 et
718 1763 842 1889 noldes
875 1824 1015 1905 sarienti,
1048 1847 1067 1888 a
1096 1822 1239 1908 predicto

119 1919 218 1996 ponta
248 1909 410 1992 cadentes,
443 1930 503 1994 pro
533 1929 574 1972 no
599 1909 627 1972 is
656 1906 771 1973 melius
797 1909 980 1993 pugnaturi,
1015 1906 1124 1972 celesti
1151 1908 1240 1974 curie

119 2015 180 2078 per
201 1994 390 2078 martyrium
411 2002 488 2058 sunt
509 1990 617 2058 oblati.
659 1991 713 2055 Ex
734 1993 796 2057 hoc
816 1990 901 2056 facto
925 1991 1095 2056 Sarraceni
1116 1993 1150 2054 in
1165 1991 1239 2056 Deo

120 2098 179 2141 suo
193 2076 381 2142 Mahumeth
402 2076 545 2158 animati,
567 2098 710 2162 pugnam
731 2075 823 2141 nobis
840 2074 1052 2140 minabantur.
1096 2075 1240 2139 Econtra

120 2160 298 2247 Templarii
319 2163 354 2225 in
374 2160 473 2225 armis
499 2161 706 2246 imperterriti
726 2159 909 2246 militesque
932 2158 1143 2245 Hospitalarii
1165 2181 1240 2223 cum

119 2246 299 2332 peregrinis
330 2247 365 2308 in
393 2265 563 2310 occursum
593 2247 639 2311 eis
666 2244 799 2309 veniunt
829 2253 861 2308 et
892 2245 1073 2324 inveniunt3
1107 2242 1164 2308 sed
1195 2243 1238 2306 ad

118 2330 260 2414 primum
284 2351 491 2415 congressum
513 2328 571 2392 filii
592 2327 781 2415 perditionis
809 2337 899 2414 terga
920 2329 1072 2392 vertunt‘¹
1100 2324 1238 2413 inglorii.

120 2413 287 2494 Quosdam
314 2424 422 2480 tamen
444 2412 567 2478 nobiles
594 2413 694 2477 nostri
715 2411 913 2498 reliquerunt
934 2412 1068 2476 occisos.
1110 2410 1239 2476 Deinde

119 2495 321 2583 blasphemia
349 2507 503 2581 cessante,
533 2519 630 2585 quam
659 2519 733 2562 cum
761 2499 828 2562 suis
857 2495 1115 2582 predicatoribus
1141 2494 1239 2581 patri-

121 2580 219 2647 archa
249 2584 462 2668 compescuit,
495 2582 538 2647 ad
565 2603 666 2646 novas
695 2589 870 2645 structuras
903 2581 1065 2666 prioribus
1091 2580 1238 2644 fortiores

121 2686 285 2730 reversum
313 2677 370 2731 est.
418 2666 608 2730 Theutonici
638 2687 714 2764 ergo
742 2664 784 2729 ad
813 2665 921 2729 omnia
947 2663 1180 2764 promptissimi
1206 2670 1239 2728 et

121 2748 272 2813 Frisones
302 2749 429 2814 hortatu
458 2750 605 2833 magistri
632 2748 755 2814 Olrveri
778 2747 980 2814 Coloniensrs
1007 2746 1167 2813 scolastici
1196 2769 1239 2812 ex

122 2835 211 2918 puris
233 2831 413 2898 elemosinis
436 2832 516 2897 duos
539 2840 663 2918 emptos
694 2854 857 2918 coggones
884 2832 1042 2899 subtiliter
1063 2832 1237 2897 coniunxe-

121 2927 204 2981 runt.
252 2918 291 2981 In
313 2917 428 3002 quibus
450 2938 548 3001 supra
570 2924 706 3001 quatuor
726 2915 826 2982 malos
848 2927 980 3003 pontcm
1002 2926 1034 2981 et
1054 2937 1238 3002 propugna-

121 2999 228 3065 culum
255 3001 337 3064 miro
362 2999 496 3064 artificio
524 2999 739 3085 disponentes,
771 3001 858 3085 ipsas
882 3002 978 3066 etiam
1006 3021 1105 3065 naves
1126 3009 1238 3064 contra

122 3085 229 3170 ignem
252 3095 284 3150 et
304 3085 524 3148 machinarum
544 3083 668 3169 lapides
683 3083 874 3148 muniersmt.
918 3082 1150 3169 Complatoque
1172 3085 1237 3148 iam

122 3189 227 3253 opere,
256 3167 343 3233 mille
365 3177 589 3232 sexcentarum
611 3166 835 3231 marcharum⁰
857 3168 892 3230 in
914 3167 1003 3230 eius‘
1024 3165 1237 3252 completione

121 3252 264 3317 excrevit
284 3251 437 3316 debitum.
480 3251 550 3316 Ad¹
575 3273 711 3338 quarum
757 3250 1004 3316 ersolutionems
1024 3250 1237 3314 famosissime

122 3335 303 3422 oolunpne¹¹
331 3337 410 3401 civis
432 3335 594 3400 Henricus
621 3335 675 3401 dei
740 3333 870 3400 ervothe
920 3334 1083 3399 uindeeim
1112 3353 1237 3397 marcas

121 3421 190 3484 auri
211 3429 243 3486 et
264 3420 376 3486 decem
402 3421 528 3507 argenti
553 3418 699 3499 contulit,
732 3421 788 3518 qui
816 3441 881 3483 non
898 3357 1002 3504 longe
1030 3426 1105 3504 post
1130 3425 1238 3480 centu-

122 3502 211 3590 plum
239 3527 312 3571 rece
336 3513 435 3587 turus,
467 3505 567 3570 vitam
593 3505 626 3568 in
655 3505 797 3568 Domino
826 3502 961 3569 feliciter
987 3501 1237 3584 consummavit3

123 3586 268 3653 similiter
320 3610 355 3653 os
384 3588 573 3672 Theutonie,
606 3587 640 3652 id
673 3597 721 3654 est
754 3609 860 3653 comes
891 3585 1028 3652 Adulfus
1061 3585 1100 3652 de
1122 3585 1186 3649 Ber
1209 3607 1237 3667 e,

121 3671 320 3737 Francorum
349 3674 493 3736 omnium
520 3682 618 3759 caput
644 3681 676 3737 et
705 3672 886 3753 Frisonum,
918 3673 952 3735 in
983 3671 1074 3736 cuius
1103 3607 1237 3734 consilio

123 3762 206 3820 totus
228 3777 320 3841 spem
335 3778 426 3820 suam
440 3757 582 3843 ponebat
596 3757 767 3838 exercitus,
790 3754 876 3821 felici
898 3756 962 3820 fine
977 3754 1124 3836 decessit,
1147 3754 1238 3818 cuius

123 3859 196 3903 ossa
216 3840 303 3938 apud
326 3839 482 3926 hospitale
497 3841 768 3905 Tbcutonicorum
784 3836 1007 3904 venerabiliter
1029 3847 1103 3902 sunt
1122 3835 1237 3902 locata.

122 3921 243 3988 Infinitr
264 3924 359 3988 etiam
381 3923 435 3988 alii
456 3934 488 3990 et
505 3923 647 4023 theologi
667 3927 702 3988 in
716 3924 914 3988 Parisiensi¹¹
937 3922 1024 3987 fonte
1045 3921 1158 3988 nutriti
1180 3921 1237 3987 ex¹

122 4006 302 4072 inordinata
337 4007 423 4073 dieta
458 4008 646 4074 dissenteria
687 4009 858 4072 comitante
895 4016 927 4072 et
967 4005 1071 4072 calore
1112 4004 1238 4070 cunctis

123 4133 145 4185 a)
161 4131 273 4181 t’lturrls
289 4145 306 4175 a
373 4131 397 4186 b)
413 4136 514 4186 ngytum
529 4147 547 4177 c.
615 4134 637 4188 c)
653 4135 708 4174 tacti
723 4146 741 4174 c.
808 4133 833 4186 d>
848 4135 925 4175 verius
948 4139 999 4174 ante
1020 4136 1114 4174 vertunt
1136 4143 1178 4172 scr.
1201 4131 1239 4171 sod

123 4194 161 4234 dcl.
176 4205 193 4235 c.
240 4192 262 4245 a)
279 4195 302 4233 ἐπ
317 4205 384 4244 maro.
400 4196 472 4245 suppl.
487 4206 506 4237 c.
558 4192 624 4245 otta
639 4205 683 4233 err.
699 4195 736 4234 aad
751 4194 813 4234 renel
827 4195 867 4236 det.
883 4205 901 4236 c.
953 4191 977 4245 g)
991 4199 1040 4244 pose
1055 4203 1118 4244 pers.
1134 4191 1174 4232 dcl.
1193 4195 1238 4230 est:

123 4253 225 4294 excrevit
241 4254 352 4294 debitum.
398 4254 421 4306 h)
438 4253 592 4296 Colonia?
637 4251 655 4303 i)
672 4254 727 4292 hers
741 4257 791 4302 port
807 4253 834 4293 de
849 4264 891 4295 arr.
907 4254 944 4293 sed
958 4253 999 4294 dcl.
1014 4265 1032 4294 c.
1077 4250 1102 4301 k)
1120 4250 1204 4290 Parler'r
1219 4260 1238 4291 c.

123 4308 140 4362 1)
156 4322 182 4351 or
196 4313 247 4353 aad.
263 4314 300 4352 scd
314 4312 354 4353 del.
370 4325 389 4352 c.

126 4404 153 4474 1)
170 4405 248 4458 Haec
264 4407 293 4458 ia
313 4407 375 4459 aliia
393 4409 567 4461 relationibus
579 4409 690 4474 frustra
709 4422 835 4474 quaeras.
