3102 4978
290 391 323 441 16
555 385 742 440 CHRONIOA
761 384 873 438 REGIA
894 385 1147 439 communem.

361 563 394 616 A.
408 563 443 613 D.
459 561 520 611 766,
539 561 619 612 Turci
639 562 741 625 egressi
760 576 776 610 a
796 559 902 626 Caspiis
918 562 1001 627 portis
1017 584 1048 596 —
1066 585 1097 598 —
1113 561 1141 610 in
1154 560 1276 612 Biturica
1297 560 1408 611 civitate

288 637 405 706 presidio
424 634 584 701 regreditur.
620 632 720 686 Elokclt.

362 711 395 761 A.
413 710 448 760 D.
470 708 531 758 767.
555 707 621 760 01111
640 707 779 774 questione
800 707 834 758 de
853 707 1092 759 sanctaTrinitate
1112 734 1145 743 —
1166 734 1199 746 —
1222 708 1368 759 exercitum
1380 709 1409 758 in

289 785 409 851 hyberna
429 782 537 832 dimisit.
574 777 640 832 ibid.

363 858 395 909 A.
408 857 444 907 Ι).
459 853 521 906 768.
539 854 667 920 Pippinns
685 855 713 903 in
732 855 852 906 Biturica
866 881 899 890 -
914 881 947 890 -
962 869 992 904 se
1006 853 1126 905 contulit.
1163 853 1199 904 Et
1212 852 1408 905 Karlomannus

291 929 398 997 quidem
415 957 446 968 -
461 943 558 995 -per
577 928 718 979 continuos
738 927 772 977 30
792 942 876 978 annos
894 927 1047 992 gerebatur.
1085 925 1187 978 arrei.
1206 943 1235 991 p.
1252 927 1358 988 161‚65.
1375 955 1406 964 -

290 1002 410 1054 Tandem
424 1002 523 1053 bellum
537 1015 585 1067 per
598 1004 638 1051 tot
647 1016 730 1051 annos
743 1027 775 1037 -
787 1025 821 1037 -
832 1000 932 1052 bellum
946 1006 1098 1070 susceptum
1109 1007 1158 1051 est.
1186 997 1251 1052 ibici.
1260 1017 1288 1066 p.
1302 1001 1409 1065 161,11.

290 1078 351 1128 Hoc
370 1081 431 1128 sunt
449 1074 522 1125 bella
536 1099 569 1110 -
584 1099 618 1110 -
633 1073 783 1141 complures
801 1073 837 1123 ad
857 1089 916 1124 eurn
930 1074 1025 1125 misere
1038 1073 1153 1139 legatos.
1184 1072 1250 1125 ibid.
1258 1090 1290 1139 p.
1303 1075 1365 1138 164,
1372 1083 1409 1125 st.

290 1151 343 1201 Hic
364 1151 443 1202 etiarn
463 1149 575 1198 Romam
595 1148 753 1198 veniens-
773 1173 808 1184 -
829 1162 862 1196 ac
881 1162 1020 1213 perperam
1040 1147 1145 1213 prolata
1164 1148 1306 1212 corrigere.
1343 1147 1409 1198 ibid.

185 1245 191 1258 ·
291 1221 388 1276 111141.
427 1223 552 1274 Omnium
571 1222 708 1271 nationum
723 1247 756 1258 ·-
773 1246 804 1256 -
819 1220 960 1290 ppcuniem
975 1222 1079 1270 mittere
1093 1220 1206 1272 solebat.
1237 1219 1303 1270 ibid.
1314 1220 1361 1272 1111.
1372 1229 1409 1270 51.

290 1297 458 1420 {dicionem
479 1294 650 1399 {hristianam
671 1320 703 1329 -
726 1321 759 1330 -
779 1295 882 1359 privato
902 1293 995 1344 habitu
1014 1294 1163 1345 ministrare
1181 1309 1293 1345 necesse
1307 1294 1410 1345 fuisset.

290 1370 300 1420 i
322 1370 354 1423 'ot
374 1367 420 1421 lin.
440 1378 476 1418 eo.

482 1505 651 1570 Croniae
672 1528 692 1569 a
712 1515 889 1592 tempore
911 1505 1047 1569 Karoli
1069 1505 1213 1589 Magni.

364 1599 397 1649 A.
416 1597 442 1648 d.
462 1602 480 1649 i.
501 1597 561 1648 769.
581 1595 696 1649 Karolus
708 1599 830 1662 Magnus,
850 1596 958 1663 Pippiui
971 1596 1042 1647 filius
1062 1623 1094 1633 -
1118 1621 1150 1631 -
1171 1596 1206 1646 43
1220 1595 1293 1648 solus
1307 1601 1411 1662 postea.

293 1673 375 1724 Cuius
388 1687 457 1722 anno
477 1671 562 1737 primo
578 1699 610 1707 —
626 1697 658 1707 -
674 1686 734 1720 cum
754 1676 810 1721 tota
823 1671 969 1721 Wasconia
987 1670 1039 1721 sibi
1052 1669 1195 1720 obediente
1208 1685 1346 1735 regressus
1362 1675 1411 1721 est.

291 1743 356 1796 ibid.

366 1819 397 1869 A.
410 1819 443 1868 D.
460 1817 521 1868 770,
541 1816 655 1868 Karolne
675 1831 722 1866 rex
740 1816 834 1866 habuit
852 1816 1007 1882 generalem
1028 1821 1187 1867 conventum
1203 1843 1236 1853 —
1249 1841 1284 1853 ··
1298 1818 1325 1866 iu
1340 1817 1411 1867 basi·

293 1892 346 1942 lica
366 1893 453 1944 sancti
474 1890 546 1942 Galli
566 1890 703 1956 sepelitur.
742 1888 807 1940 ibid.

366 1965 399 2014 A.
412 1965 446 2016 D.
463 1965 524 2014 771.
544 1963 739 2015 Karlomannus
758 1964 786 2012 in
804 1962 870 2014 rilla
885 1989 918 1998 -
935 1989 964 2000 -
984 1968 1059 2030 parte
1076 1963 1231 2030 optimatum
1247 1961 1282 2012 ad
1296 1962 1411 2014 Ytaliam

293 2038 414 2105 profecta
433 2043 481 2089 est.
518 2035 582 2088 ibid.

366 2114 399 2164 A.
418 2113 453 2161 D.
476 2110 556 2161 7⁷2st
583 2110 639 2160 Rex
662 2109 785 2170 Karolus‚
809 2114 972 2175 congregato
992 2111 1144 2161 Wormacie
1171 2137 1205 2148 -
1231 2135 1266 2147 -
1292 2110 1412 2176 acceptis

294 2202 310 2236 a
330 2185 479 2237 Saxonibus
501 2183 534 2232 12
554 2182 692 2234 obsidibus
712 2184 832 2233 recessit.
869 2182 935 2233 ibid.

366 2259 398 2308 A.
418 2259 453 2307 D.
475 2258 536 2306 773.
556 2255 690 2307 Adrianus
710 2271 781 2323 papa
801 2272 861 2306 cum
880 2255 1050 2307 insolentiam
1070 2255 1206 2306 Desiderii
1222 2282 1253 2292 -
1270 2281 1302 2292 ·-
1320 2256 1412 2320 ibique

293 2335 319 2383 in
339 2332 494 2400 patriciatus
514 2330 614 2380 honore
633 2331 715 2380 vitam
735 2328 828 2380 finivit.
865 2327 930 2380 ibid.

366 2406 398 2456 A.
418 2404 453 2453 D.
476 2403 538 2452 774.
568 2401 682 2452 Ksrolus
703 2404 808 2453 domum
829 2417 967 2467 regressus
993 2430 1024 2441 -
1051 2429 1087 2439 -
1114 2417 1173 2452 cum
1200 2403 1303 2467 ingenti
1328 2400 1414 2468 preda

293 2479 409 2544 regressi
428 2482 496 2528 sunt.
534 2473 600 2525 ibici.

367 2553 399 2601 A.
418 2551 452 2600 D.
474 2549 534 2598 775.
554 2547 669 2598 Karolus
689 2563 734 2598 rex
755 2546 866 2600 consilio
886 2549 978 2600 habito
992 2577 1027 2586 —
1043 2573 1079 2586 -
1096 2548 1269 2599 ecclesiarum
1289 2547 1414 2613 legisque

296 2625 445 2676 destructor
464 2623 539 2673 obiit.
576 2618 641 2671 ibid.

368 2697 401 2747 A.
421 2695 447 2745 d.
467 2699 486 2746 i.
508 2694 569 2754 776,
588 2694 622 2744 U.
641 2709 705 2746 vero
725 2709 747 2744 c.
765 2693 844 2745 1527.
864 2694 930 2758 Leo,
950 2693 1021 2746 filius
1035 2694 1212 2755 Constantini,
1229 2721 1258 2731 -
1273 2695 1415 2744 -iterum

294 2771 437 2821 Franciam
457 2783 594 2833 regressus
613 2772 662 2818 est.

368 2844 399 2894 A·
420 2842 456 2892 D.
476 2842 537 2890 777.
556 2840 672 2892 Karolus
691 2855 738 2892 rex
757 2841 848 2892 habito
869 2839 981 2892 consilio
1000 2841 1028 2891 in
1050 2840 1111 2891 loco
1134 2867 1164 2878 -
1186 2865 1221 2876 --
1242 2840 1415 2892 christianam

295 2917 352 2969 lore
371 2917 537 2984 promiserat.
575 2911 640 2966 ibid.

691 3040 854 3093 Beceosc'o
874 3041 940 3092 cod.
962 3038 1019 3091 01.

369 3133 403 3185 A.
415 3133 449 3184 D.
465 3133 526 3184 768.
548 3133 803 3184 Constantinus
823 3133 866 3184 fit
885 3149 978 3200 papa.
1009 3133 1138 3199 Pippinus
1158 3133 1184 3182 in
1202 3132 1323 3183 Biturica
1340 3137 1415 3182 nata·

296 3207 349 3257 lem
378 3207 488 3257 Domini
517 3205 662 3257 celebrarit
690 3233 723 3242 —
754 3233 785 3243 -—
818 3207 934 3258 omnium
962 3206 1125 3256 Francorum
1159 3220 1205 3255 rex
1239 3206 1415 3258 constituitur.

297 3281 349 3342 Qui
369 3296 430 3330 mox
449 3279 549 3330 bellum
569 3280 756 3345 Aquitanicam
777 3295 793 3329 a
811 3285 887 3347 patre
906 3277 1059 3329 inchoatum
1075 3306 1107 3314 —
1123 3305 1156 3314 -
1173 3293 1232 3328 cum
1251 3279 1344 3329 liberis
1360 3280 1416 3330 suis

297 3369 326 3412 se
350 3352 471 3404 contulit.
508 3351 609 3404 Erret.
1406 3397 1409 3402 .

370 3426 403 3476 A.
423 3426 459 3476 D.
481 3426 541 3476 769.
562 3433 625 3491 post
650 3425 723 3476 solus
748 3430 845 3492 postea
871 3423 949 3474 odd:
975 3423 1028 3473 Hic
1054 3429 1115 3489 post
1140 3424 1241 3474 obitum
1267 3426 1349 3489 patris
1375 3426 1416 3476 sui

297 3500 502 3565 Aquisgraniam
522 3499 666 3566 profectus,
686 3499 854 3548 nativitatem
871 3497 981 3547 Domini
998 3498 1037 3547 ibi
1058 3495 1213 3560 celebrarit,
1232 3498 1334 3563 pascha
1351 3513 1416 3549 vero

297 3574 325 3622 in
343 3573 512 3638 Rothornago
533 3573 651 3623 civitate.
689 3569 788 3622 Ekteb.
804 3586 835 3636 p.
859 3569 919 3621 161.
956 3568 993 3621 Ε1
1010 3567 1039 3620 in
1051 3570 1121 3636 fiac:
1149 3571 1348 3637 Stephanus
1375 3571 1418 3623 111

297 3661 396 3712 papa
1004 3659 1011 3662 ·

371 3719 404 3769 A.
423 3719 459 3770 D.
480 3717 541 3768 771.
565 3717 594 3766 in
606 3717 663 3782 fine
688 3715 768 3766 odd:
793 3717 880 3781 Igitur
903 3715 1018 3768 Karolus
1039 3716 1164 3782 Magnus,
1191 3716 1317 3770 defuncto
1335 3717 1417 3770 fratre

298 3808 356 3854 suo,
378 3819 410 3830 -
433 3819 464 3828 -·
485 3791 537 3841 hoc
557 3791 628 3855 qnod
649 3788 757 3839 efficere
776 3789 935 3840 moliebatur
954 3788 1076 3856 perfecit.
1114 3788 1215 3842 Etlcalt.

371 3866 403 3916 A.
423 3865 459 3916 D.
480 3863 540 3913 772.
561 3863 739 3913 Adrianus
757 3862 799 3913 iit
817 3877 915 3930 papa.
953 3863 1011 3914 Rex
1030 3862 1144 3915 Karolus
1159 3891 1191 3900 -
1209 3891 1241 3902 -·
1256 3865 1376 3916 recessit.

363 4024 391 4092 ¹¹²)
408 4024 554 4149 &headda
567 4024 593 4075 Β
611 4025 634 4076 1.
650 4023 717 4148 702.
742 4009 979 4113 11661ιὶ16166111116
1001 4028 1170 4113 genealogica
1195 4027 1356 4112 Koroloram
1385 4045 1418 4080 ecc

409 4098 766 4240 ...2³<il.⁰.².'..¹0.lt..ll
778 4101 1418 4241 111111111111111111111

409 4247 476 4296 tinet
496 4246 603 4297 cronica
622 4247 790 4313 sibergensis
811 4246 924 4300 cenobii.

300 4391 323 4444 s)
338 4393 388 4435 iil.
405 4395 453 4436 Bl.
