3122 4978
166 354 353 407 CHRONICA
362 355 476 406 REGIA
487 355 738 424 conomaasls.
758 358 862 410 CONT.
873 357 927 409 111.
937 358 971 409 A.
985 358 1064 409 1202.
1077 357 1156 411 1203.
1195 359 1246 409 201

499 528 670 583 Baccheia
689 530 715 584 Ι.
734 531 826 584 codd.
847 529 874 583 0.

131 611 284 678 conflictu
306 614 466 696 occubuit,
488 625 520 680 et
534 615 750 680 Herimannus
773 640 847 682 oum
868 615 933 680 filio
955 638 975 679 a
995 615 1082 680 filios
1104 615 1248 681 eiusdem

130 695 282 782 Symonis
298 719 336 762 ca
361 699 424 762 itur
442 709 473 764 et
487 699 632 765 custodie
648 702 859 786 mancipatur.
1145 695 1154 732 ²

214 780 322 846 Cunra
347 805 382 847 us
394 782 566 931 episcopus
577 783 837 869 Herhipolensisl
851 784 975 850 infesto
987 783 1337 849 sanctiNicholainas.

125 886 147 928 a
169 865 360 951 quibusdam
382 869 488 953 pravis
534 868 695 934 ominibus
717 868 888 934 crudeliter
910 867 1075 933 occiditur.

308 953 360 1021 6.ο
402 950 498 1016 Anno
522 952 702 1016 dominicae
724 952 953 1017 incarnationis
977 953 1069 1017 1203.

212 1034 380 1121 Philippus
409 1035 476 1100 dux
505 1035 633 1118 Suevie,
662 1038 807 1102 exercitu
835 1035 942 1101 valido
971 1045 1174 1122 congregato,
1202 1037 1248 1101 in·

127 1119 226 1182 travit
243 1118 466 1204 Thuringiam,
490 1131 526 1185 ut
540 1121 798 1186 Herimannum‘¹
818 1120 1035 1219 lantgravium
1058 1119 1248 1204 humiliaret,

127 1223 167 1266 ea
188 1201 228 1266 de
251 1223 348 1268 causa
393 1204 457 1268 uod
478 1204 586 1290 ipsum
608 1202 790 1291 reliquisset
812 1215 844 1270 et
866 1203 984 1270 Srhido
1006 1214 1118 1268 contra
1139 1205 1250 1269 volun-

126 1294 229 1350 tatem
245 1308 338 1351 suam
353 1226 521 1354 adhereret
535 1297 567 1352 et
579 1289 704 1354 foveret
719 1299 829 1375 etque
844 1287 1037 1374 inpartibus
1053 1288 1248 1373 Thuringie⁰

126 1369 248 1435 reditus
270 1383 302 1435 et
323 1372 395 1435 iura
409 1373 597 1456 Mogontinc
618 1372 689 1438 sedi
710 1382 816 1438 essent
837 1373 1002 1438 attinentia
1023 1373 1057 1435 in
1079 1373 1129 1436 sui
1149 1371 1250 1437 hostis

126 1475 203 1518 usus
235 1455 422 1541 redegisset.
474 1456 539 1521 Sed
570 1479 629 1542 per
660 1479 702 1521 ex
725 1457 879 1522 leratores
902 1456 1039 1538 discens,
1072 1455 1250 1542 palatinum

128 1537 280 1604 comitem
303 1563 376 1603 cum
405 1540 591 1626 quingentis
613 1479 769 1606 militibus
799 1550 832 1607 et
851 1541 1001 1605 trecentis
1037 1542 1195 1625 sargantis
1217 1543 1250 1605 in

127 1621 285 1687 auxilium
307 1623 486 1709 lantgravio
509 1625 618 1690 venire
647 1633 679 1690 et
699 1648 809 1710 regem
831 1625 965 1690 Boemie
987 1646 1059 1688 cum
1082 1625 1251 1710 sexaginta

126 1705 257 1771 milibus
287 1708 620 1795 approqinquantem,
664 1730 739 1773 rura
768 1731 894 1795 queque
924 1710 1073 1795 proxima
1100 1709 1250 1774 incendio

127 1795 336 1878 consumpsit,
369 1802 401 1856 et
429 1794 476 1856 sic
503 1793 659 1878 profugus
689 1814 764 1856 cum
792 1794 858 1857 suis
880 1792 1011 1878 Erpfort
1042 1815 1076 1857 se
1107 1791 1249 1858 contulit.

127 1874 201 1956 Quo
223 1873 421 1960 lantgravius
443 1886 618 1961 comperto,
641 1899 716 1942 cum
737 1877 860 1941 Bocmo
883 1885 914 1941 et
935 1875 1076 1962 palatino
1098 1878 1250 1964 omnique

127 1980 225 2044 quem
248 1969 475 2026 contraxerant
496 1961 640 2025 exercitu
663 1961 829 2025 civitatem
850 1961 1059 2042 vallaverunt,
1085 1972 1250 2046 sperantes

127 2065 161 2107 se
183 2041 273 2108 illum
290 2055 441 2130 capturos
450 2045 470 2108 f.
495 2044 665 2130 Philippus
681 2056 789 2109 autem
804 2056 897 2110 nocte
919 2045 1027 2109 media
1040 2066 1113 2109 cum
1136 2046 1249 2130 paucis

127 2127 248 2210 exiens,
285 2127 327 2192 ad
364 2128 534 2194 orientales
569 2129 770 2192 marchiones
807 2151 841 2193 se
867 2128 1012 2210 contulit,
1049 2139 1086 2194 ut
1119 2127 1248 2192 auxiliis

127 2212 298 2276 contractis
321 2233 450 2298 quoquo
466 2221 562 2299 pacto
578 2212 695 2277 milites
716 2211 857 2277 inclusos
878 2212 1037 2282 liberaret.
1081 2213 1249 2360 Principes

126 2305 235 2360 autem
257 2296 324 2360 eius
340 2297 519 2361 discessum
540 2296 718 2378 audientes,
741 2296 845 2361 soluta
864 2296 1040 2379 obsidione,
1060 2297 1168 2360 cum9
1206 2303 1249 2362 ie-

125 2379 187 2444 bus
209 2379 323 2445 eadem
345 2380 470 2446 obsidio
500 2383 664 2466 viguisset,
686 2380 795 2446 habito
818 2380 961 2462 consilio,
985 2404 1024 2445 ne
1054 2379 1166 2446 darent
1187 2381 1249 2466 ipsi

127 2465 254 2550 copiam
276 2465 453 2530 exercitum
477 2466 704 2552 congregandi,
727 2467 889 2552 persecuti
911 2474 986 2529 sunt
1007 2487 1082 2529 eum
1103 2466 1248 2529 unanimi

127 2569 297 2630 consensu,
329 2559 362 2614 ct
390 2548 577 2616 invadentes
599 2559 700 2614 terras
722 2549 954 2633 marchionum,
988 2550 1095 2612 omnia
1115 2550 1247 2635 rapinis,

125 2632 283 2696 incendiis
305 2643 337 2698 et
358 2635 456 2698 variis
480 2633 714 2700 calamitatibus
736 2643 844 2720 partes
866 2632 936 2698 illas
958 2642 1150 2698 everterunt.
1186 2634 1247 2698 His

126 2717 171 2780 ita
193 2717 338 2802 patratis,
359 2739 419 2782 rex
442 2717 519 2783 Otto
541 2719 772 2805 superveniens
801 2739 874 2782 cum
897 2719 1042 2783 exercitu
1064 2727 1096 2782 et
1117 2716 1248 2802 applau-

126 2801 205 2864 dens
226 2801 275 2865 his
296 2824 359 2887 que
388 2801 583 2885 acciderant,
610 2824 683 2866 cum
709 2801 822 2867 fuisset
842 2800 1061 2867 favorabiliter
1081 2822 1101 2864 a
1123 2803 1246 2866 cunctis

127 2895 307 2971 susceptus,
340 2885 483 2951 decrevit
510 2909 584 2950 cum
613 2886 826 2972 principibus,
853 2895 889 2950 ut
916 2885 1118 2950 confirmaret
1146 2885 1246 2950 fideli-

124 2977 223 3032 tatem
245 2969 359 3033 Boemi
381 2968 452 3052 sibi,
483 2981 637 3068 quatenus
658 2969 745 3033 idem
768 2979 972 3035 coronaretur
993 2970 1034 3033 ab
1057 2991 1104 3039 eo.
1148 2969 1245 3050 Quod

125 3060 158 3116 et
177 3052 297 3116 factum
325 3063 374 3118 est
402 3056 435 3116 in
469 3053 520 3116 dre
553 3055 655 3118 sancti
676 3052 893 3118 Bartholomei
920 3052 1137 3138 sollempniter
1157 3054 1243 3138 apud
1254 3067 1310 3119 aaa.
1328 3068 1365 3109 ²4·

125 3134 329 3221 Marsburgss,
353 3148 560 3202 consecrante
582 3137 718 3201 eundem
734 3135 768 3200 in
790 3139 923 3222 regern¹¹
939 3137 1069 3202 domino
1086 3135 1246 3221 (luidone,

491 3280 654 3334 Rccaaaio
673 3281 715 3333 ΙΙ.
735 3284 825 3335 codd.
845 3284 878 3335 B.

211 3371 351 3425 cunradus
372 3401 404 3412 -
427 3400 457 3410 —
480 3374 631 3427 hominibus
650 3377 791 3426 occiditur.
811 3396 848 3418 =
866 3374 992 3426 Beccasa'o
1011 3374 1037 3426 Ι.

467 3461 497 3524 6.
541 3460 636 3523 Anno
658 3458 793 3522 Domini
816 3461 908 3526 1203.

139 3579 143 3586 ·
211 3565 352 3634 Philippus
364 3595 438 3606 --
451 3585 515 3622 usus
525 3569 683 3634 redegisset.
702 3569 922 3634 Perpendens
936 3574 1044 3619 autem
1059 3567 1245 3634 palatinum

127 3641 282 3691 comitem
308 3648 341 3693 et
365 3657 479 3706 regom
506 3643 644 3692 Boemie
670 3657 742 3692 cum
774 3643 917 3707 copioso
942 3643 1104 3692 exercitu
1129 3639 1186 3691 illi
1210 3645 1245 3692 in

125 3713 294 3764 auxilinm
322 3717 474 3786 venisse,
501 3731 563 3765 rura
588 3730 695 3781 queque
720 3716 841 3780 proxima
867 3715 993 3766 incendio
1020 3717 1192 3781 consumpsit,
1219 3722 1246 3768 ct

125 3788 165 3838 sic
190 3813 224 3824 -
251 3815 287 3824 -
314 3787 376 3840 illas
403 3793 562 3839 everterunt.
606 3789 656 3839 His
681 3789 720 3839 ita
743 3791 863 3854 patratis,
890 3804 936 3839 rex
963 3789 1027 3841 Otto
1055 3791 1246 3855 superveniens

125 3875 185 3910 cum
214 3863 341 3924 exercitu,
370 3877 386 3912 a
416 3863 520 3912 cunctis
547 3860 730 3913 favorabiliter
758 3865 916 3929 suscipitur3
946 3869 972 3914 et
1000 3863 1126 3926 Boemns,
1156 3861 1245 3913 fideli·

125 3937 180 3984 tate
215 3937 399 4000 promissa,
430 3935 464 3984 ab
493 3937 552 4002 ipso
583 3942 724 3987 coronatur
755 3942 783 3986 et
814 3938 842 3986 in
869 3937 939 3987 festo
967 3938 1055 3987 sancti
1082 3936 1247 3988 Bartolomei

125 4007 278 4073 apostoli
316 4022 333 4056 a
361 4008 485 4059 (luidone
521 4007 656 4060 ecclesiae
682 4010 801 4060 Romane
830 4008 921 4075 legato
950 4009 1022 4075 apud
1047 4009 1190 4077 Marsburg
1217 4012 1247 4060 in

15 4143 18 4172 'i
125 4169 149 4222 ι)
166 4181 218 4211 oum
241 4171 290 4212 fillo
314 4181 356 4212 tuo
380 4171 499 4222 ciusdem,
523 4182 538 4211 a
554 4177 605 4212 cata
629 4172 678 4212 fillo
697 4176 749 4222 poet
777 4183 883 4224 aspernor.
901 4147 943 4214 0⁶2.
1018 4171 1043 4223 b)
1063 4174 1169 4225 Erplbol.
1193 4175 1245 4226 θὶς

15 4227 16 4231 ’
124 4230 228 4281 Erbipol.
245 4230 289 4272 02.
358 4228 380 4282 c)
394 4231 449 4270 &aaa
466 4230 509 4272 08.
580 4230 604 4283 d)
621 4231 781 4272 Harmsnnum
798 4229 840 4272 02.
917 4231 940 4282 e)
957 4233 1011 4272 Tur.
1030 4229 1074 4276 01.
1143 4232 1212 4286 orp-
1227 4235 1243 4274 i.

123 4299 206 4340 capere
222 4289 272 4331 131.
333 4286 357 4341 ς)
374 4290 509 4332 Mamburch
524 4290 564 4331 01.
625 4288 649 4341 h)
666 4301 721 4340 rege
737 4290 784 4340 013
800 4301 821 4331 o.
837 4301 915 4340 ragam
931 4293 956 4331 in
971 4291 993 4330 d.
1010 4291 1054 4332 02.
