3122 4978
296 324 351 376 auo
390 275 963 375 cdsourcasacrrconoumusrs.
985 317 1381 370 consuranorum.

670 489 835 545 ascensio
854 491 877 542 1.
899 492 995 544 codd.
1016 490 1043 543 0.
1121 450 1123 455 1

298 581 505 666 Quapropter
523 601 543 642 a
563 599 650 664 papa
678 588 794 662 rogatu
813 598 848 641 re
871 576 899 640 is
914 575 1057 662 Ungarie
1072 597 1183 641 omnes
1201 575 1420 642 excommuni-

298 675 419 747 cantur,
442 663 497 729 sed
519 672 631 749 postea
651 662 830 726 interventu
885 660 961 742 exii,
983 659 1040 724 filii
1051 659 1203 746 Tyrsacis
1217 660 1419 810 imperatoris

299 746 444 829 Graciae,
466 746 635 811 solvuntur
649 755 681 811 et
694 744 736 808 ad
751 743 999 830 expugnandam
1013 743 1266 830 Constantinopo
1281 745 1324 808 ‘m
1346 766 1421 808 cum

298 854 337 897 co
360 832 613 919 proficiscuntur.

475 917 528 985 u*
570 913 666 978 Anno
689 912 869 977 dominicae
891 912 1118 978 incarnationis
1142 914 1233 982 1202.

384 1000 461 1067 Otto
492 1021 552 1064 rex
589 1008 622 1064 et
653 995 790 1062 Adolfus
821 994 1020 1062 Coloniensis
1054 996 1315 1084 archiepiscopus
1348 1019 1422 1063 cum

300 1082 371 1148 aliis
409 1083 602 1170 quibusdam
637 1079 838 1167 principibus
882 1079 1077 1166 colloquium
1115 1081 1297 1148 habuerunt
1332 1083 1421 1170 apud

300 1167 496 1249 Traiectum,
531 1187 593 1252 que
621 1165 738 1250 supral’
761 1165 887 1228 Mosam
917 1165 977 1228 sita
1003 1174 1083 1248 est1,
1111 1164 1152 1230 de
1180 1165 1369 1252 republica
1391 1177 1423 1232 et

300 1251 342 1316 de
378 1251 512 1315 diversis
548 1251 701 1334 negociis,
737 1271 799 1336 que
828 1249 916 1334 ipsos
952 1257 1028 1312 tunc
1063 1251 1215 1334 temporis
1251 1250 1421 1336 urgebant.

300 1335 376 1400 Una
397 1343 506 1399 tamen
534 1332 574 1397 de
596 1334 760 1419 precipuis
789 1333 896 1397 causis
922 1331 1018 1396 huius
1048 1331 1197 1431 colloquii
1218 1335 1279 1398 fuit
1300 1334 1340 1400 de
1362 1336 1421 1400 ini·

300 1419 444 1500 miciciis,
474 1440 535 1504 que
557 1419 640 1482 inter
660 1416 777 1482 ducem
798 1416 991 1481 Brabantie²
1014 1425 1047 1481 et
1068 1427 1217 1481 comrtem
1239 1418 1279 1483 de
1303 1419 1422 1484 Gelre⁸

298 1501 508 1588 pullulabant.
552 1501 719 1586 Siquidem
741 1509 876 1586 uterque
897 1522 1029 1564 manum
1044 1500 1184 1565 validam
1207 1508 1422 1586 contraxerat,

301 1607 362 1650 nec
384 1587 451 1650 sine
480 1585 670 1650 detrimento
698 1606 877 1670 pauperum
909 1583 960 1648 vel
993 1585 1225 1670 oppidanorum
1252 1587 1423 1653 conflictus
1510 1631 1512 1664 ‚

300 1691 411 1734 eorum
447 1671 611 1734 terminari
646 1679 799 1755 poterat·
843 1668 988 1732 Tandem
1006 1737 1009 1744 ,
1029 1690 1110 1754 pace
1152 1669 1235 1734 inter
1270 1681 1423 1758 utrosque
1511 1671 1512 1674 ’

299 1753 470 1818 reformata
478 1762 502 1835 ⁴,
524 1763 557 1818 et
577 1776 653 1839 rege
672 1775 746 1817 cum
762 1753 914 1838 episcopo
931 1751 1119 1816 Coloniam⁶
1141 1775 1299 1838 regresso,
1322 1759 1424 1821 oritur

299 1839 383 1902 inter
405 1860 459 1901 eos
480 1839 672 1922 gravissima
701 1837 857 1901 dissensio
887 1857 994 1900 coram
1023 1836 1178 1901 cardinali
1204 1848 1236 1902 et
1256 1839 1422 1923 prioribus

300 1931 332 1986 et
352 1919 579 2006 burgensibus,
610 1932 642 1987 et
663 1923 719 1985 vix
746 1943 805 2006 per
831 1919 973 1984 triduum
1002 1920 1140 1985 sedatur.
1184 1920 1292 1986 Causa
1313 1934 1423 1989 autem

299 2005 393 2070 huius
422 2004 582 2070 discordie
609 2006 698 2071 eratd
725 2002 848 2070 scilicet
874 2003 914 2068 de
947 2002 1079 2070 teloneis
1107 2013 1139 2070 et
1167 2017 1296 2070 moneta
1324 2019 1356 2073 et
1382 2008 1423 2073 de

298 2090 426 2154 iniustis
448 2088 653 2174 vectigalium
683 2087 907 2154 exactionibus
941 2100 971 2154 et
1001 2090 1041 2152 de
1071 2088 1190 2154 violata
1215 2111 1295 2174 pace
1324 2115 1424 2178 nego-

300 2174 470 2239 ciantibus.
515 2174 643 2238 Auditis
671 2185 779 2238 autem
807 2171 1055 2255 allegationibus
1084 2183 1302 2259 utrorumque,
1334 2179 1423 2263 regis

300 2257 423 2323 scilicet
451 2268 484 2322 et
506 2259 661 2344 episcopi,
684 2257 845 2322 mediante
867 2256 983 2341 legato,
1011 2256 1071 2321 sub
1100 2257 1192 2321 cuius
1214 2257 1332 2323 iudicio
1362 2261 1424 2326 hec

298 2341 488 2428 agebantur,
515 2344 660 2427 ipsorum
688 2342 854 2426 utriusque
877 2339 1065 2426 derempta⁶
1092 2353 1140 2406 est
1162 2341 1329 2425 dissensio,
1366 2346 1426 2410 tali

299 2425 483 2491 conditione
506 2435 541 2489 ut
563 2425 665 2489 omnis
688 2424 814 2488 exactio
829 2422 969 2489 violenta
983 2435 1163 2489 cassaretur
1184 2434 1216 2490 et
1237 2447 1302 2512 pax
1325 2450 1425 2514 nego·

299 2509 460 2574 cientibus
492 2508 676 2572 firmissima
708 2506 903 2572 stabiliretur
912 2520 934 2572 ⁵.
988 2509 1051 2572 Per
1085 2508 1171 2574 idem
1200 2519 1327 2657 tempus
1355 2513 1425 2577 dux

301 2594 477 2660 Brabantie
489 2590 696 2657 Hollandiam
712 2614 786 2656 cum
802 2592 947 2656 exercitu
965 2592 1097 2657 intravit
1115 2603 1147 2657 et
1161 2593 1262 2680 T[heo
1287 2595 1424 2683 ericum]

300 2679 450 2742 comitem
483 2676 626 2741 eiusdem
659 2677 817 2762 provintie
850 2697 923 2739 cum
952 2675 1098 2761 pluribus
1133 2676 1295 2743 nobilibus
1326 2681 1424 2765 cepit.

300 2760 386 2825 Nam
407 2760 494 2825 idem
516 2781 635 2844 comes,
657 2769 693 2825 ut
713 2756 881 2824 dicebatur
902 2760 1033 2824 consilio
1053 2759 1227 2843 (trebensis,
1250 2761 1330 2826 fines
1353 2765 1426 2829 eius

300 2845 377 2930 igne
398 2854 599 2926 vastaverat3
627 2843 714 2907 unde
742 2843 829 2907 idem
853 2866 960 2910 comes
988 2844 1028 2908 de
1053 2844 1149 2909 Gelre
1178 2847 1317 2928 territus,
1347 2869 1425 2912 cum

299 2950 334 2993 se
356 2928 398 2992 ad
421 2927 537 2993 ducem
559 2938 597 2992 ut
618 2951 652 2992 se
674 2938 845 2993 excusaret
867 2927 1061 3009 contulisset,
1083 2931 1152 3014 ipse
1175 2952 1298 2994 memor
1311 2932 1427 2998 infide·

298 3011 396 3077 litatis
419 3013 486 3077 eius
508 3020 540 3075 et
555 3013 695 3076 versutie
717 3023 749 3077 et
763 3012 869 3097 ipsum
885 3014 971 3098 cepit
985 3022 1018 3078 et
1036 3013 1180 3078 custodie
1194 3015 1424 3101 mancipavit⁶.

302 3097 378 3161 Iso
408 3107 550 3182 tempore
584 3109 651 3162 orto
684 3097 717 3160 in
741 3097 928 3162 Westfalia‘
954 3095 1036 3163 bello
1068 3099 1151 3163 inter
1178 3096 1352 3182 Symonem
1384 3101 1426 3164 de

331 3179 535 3266 ickenburgss
567 3192 599 3246 et
630 3181 866 3246 Herimannum
903 3180 944 3245 de
973 3180 1198 3267 Ravensberg,
1233 3183 1356 3268 Symon
1388 3186 1424 3248 in

299 3299 499 3310 ...ἡ-...ι-

664 3335 827 3387 Ilecerraio
847 3334 889 3386 ΙΙ.
911 3334 1002 3386 codd.
1021 3335 1055 3385 B.

296 3427 457 3495 locupletati
476 3428 615 3480 recedunt.
654 3428 822 3493 Quapropter
842 3441 858 3476 a
876 3442 948 3492 papa
968 3428 1238 3490 excommunicantur,
1258 3427 1307 3478 sed
1326 3433 1424 3494 postea

297 3503 450 3553 interventu
477 3500 574 3566 alexii,
603 3501 652 3550 filii
681 3501 807 3565 Tyrsacis
834 3501 1003 3565 imperatoris
1032 3501 1138 3564 Grecie,
1166 3498 1304 3552 solvuntur
1332 3505 1359 3552 et
1386 3501 1423 3552 ad

298 3567 497 3635 subdendam
520 3566 705 3632 orientalem
732 3565 901 3631 ecclesiam
923 3567 1066 3631 Romane
1089 3599 1150 3634 oum
1169 3599 1201 3654 90
1228 3567 1420 3652 diriguntur.

640 3653 671 3715 ὃ.
714 3650 810 3715 Anno
832 3650 967 3714 Domini
992 3650 1083 3718 1202.

383 3761 445 3813 Otto
465 3787 501 3797 —
521 3787 553 3797 —-
574 3759 743 3811 stabiliretur.
763 3779 799 3803 =
817 3758 944 3811 Rececaio
964 3761 990 3813 I.

298 3925 449 3976 turmot.
507 3923 532 3975 b)
548 3934 618 3974 super
635 3923 678 3964 01.
740 3922 916 3975 c)colonB1.
977 3923 1126 3976 arnnal.
1184 3922 1207 3975 e)
1222 3924 1255 3964 tta
1270 3924 1319 3965 Bl.
1337 3923 1380 3964 01.
1399 3925 1422 3966 t.

298 3984 316 4036 η
333 3984 448 4026 Wartclla
464 3984 506 4027 01.
563 3982 587 4035 ς)
604 3983 762 4035 Tykkenbnrh
779 3984 822 4025 01.

299 4133 328 4201 1)
339 4133 488 4187 Mastrdeltt.
563 4135 592 4202 ἓ)
604 4134 768 4188 Heinricum.
843 4135 873 4201 3)
891 4133 1017 4187 Ottoaem.
1093 4134 1122 4199 4)
1143 4134 1172 4185 V.
1188 4132 1261 4186 Ooat.
1280 4133 1323 4196 ΙΙ,
1335 4150 1420 4199 supro

296 4226 323 4275 p.
347 4209 408 4262 172.
483 4208 512 4275 b)
533 4207 573 4276 ΟΥ.
591 4218 697 4275 pactum
719 4209 819 4262 Ottona‘a
840 4225 898 4262 cum
916 4208 1015 4276 Adolso
1035 4207 1150 4274 archiep.
1170 4207 1228 4260 Lo.
1248 4206 1289 4270 II,
1304 4225 1337 4274 p.
1357 4207 1419 4262 206.

298 4281 328 4350 6)
349 4281 388 4348 Of.
410 4279 482 4335 Curat.
502 4282 543 4335 ΙΙ.
564 4283 581 4337 l.
603 4284 620 4335 l.
