3102 4978
558 1133 676 1198 PARS
698 1133 845 1198 PRIMA

184 1251 216 1315 A
239 1250 472 1320 MONAOHO
494 1253 529 1318 S.
545 1251 874 1318 PANTALEONIS
896 1251 1017 1318 POST
1032 1252 1222 1316 ADDITA.

457 1377 622 1431 Booensio
643 1379 796 1431 codicum
815 1379 842 1430 B
857 1380 881 1432 1.
903 1377 961 1430 02.

271 1497 428 1564 Oroniea⁸
450 1500 540 1564 dicor
561 1523 631 1584 ego,
674 1499 843 1566 mendacia
865 1510 981 1566 cuncta
1002 1499 1119 1586 relego,

312 1582 426 1646 Mundi
447 1586 606 1670 principio
674 1586 829 1670 temporis
851 1594 923 1650 aeta
946 1587 1021 1648 scio.

406 1704 604 1770 Prefatiol‘
626 1707 832 1792 sequentis
856 1707 1004 1792 operis.

217 1813 357 1864 Neminem
375 1814 430 1864 ism
450 1829 509 1865 esse
528 1815 664 1866 hominum
684 1815 798 1866 arbitror
820 1842 848 1851 -
873 1843 906 1853 —-
926 1816 1093 1868 habebantur
1111 1815 1265 1867 illustrium.

48 1898 51 1908 ·
146 1881 256 1936 Orosius
275 1884 299 1949 Ι,
321 1887 346 1936 2.

217 1959 340 2024 Babylon
353 1960 444 2025 itaque
458 1975 490 2011 eo
504 1975 575 2011 anno
590 1987 623 1996 -
637 1986 673 1998 -
686 1963 709 2011 si
722 1960 869 2027 aliqnando
881 1963 1036 2014 desistantc.
1051 1959 1115 2012 ibid·
1127 1979 1148 2013 o.
1163 1963 1186 2013 1.
1202 1961 1228 2014 2.
1238 1963 1264 2013 3.

217 2031 303 2082 Adam
318 2034 424 2096 etEva,
444 2038 474 2084 ut
491 2035 639 2085 revelatum
657 2033 708 2085 fuit
727 2061 760 2072 -·
782 2061 815 2072 -
837 2037 974 2100 genuisset
988 2035 1062 2086 Seth.
1089 2033 1160 2086 Pstr.
1176 2033 1265 2088 Oorns·

143 2113 198 2156 star
217 2104 240 2168 I,
260 2106 305 2158 25.
1131 2115 1139 2122 ‘

217 2180 286 2230 Nam
298 2179 427 2246 plurimos
441 2179 511 2230 filios
525 2186 552 2231 et
564 2181 633 2232 filias
646 2181 733 2232 Adam
747 2183 848 2248 genuit,
862 2197 929 2247 quos
942 2179 1081 2245 legislator
1093 2182 1265 2247 pretermisit.

219 2253 282 2305 Seth
303 2269 373 2304 anno
395 2254 446 2304 105
467 2281 502 2290 -
525 2283 552 2290 -
575 2257 669 2320 genuit
687 2254 858 2306 Matusalam.
896 2253 974 2304 Bada
993 2253 1025 2304 ds
1043 2261 1121 2318 temp.

132 2364 134 2368 -
219 2326 295 2378 Siout
308 2343 372 2392 ergo
385 2329 413 2377 in
426 2329 599 2394 generatione
611 2327 678 2378 eain
693 2355 726 2365 -
741 2356 775 2366 —
788 2326 931 2380 translatus
946 2331 995 2378 est.
1019 2325 1091 2377 Petr.
1103 2325 1172 2377 C'orn.
1184 2324 1208 2390 I,
1219 2327 1264 2378 30.

216 2400 378 2451 Matusslsm
398 2427 431 2437 —
452 2427 487 2436 -
506 2402 572 2465 Noe,
592 2402 640 2452 sub
661 2418 713 2467 quo
732 2402 833 2456 factum
853 2406 894 2452 est
913 2400 1052 2452 diluvium.
1089 2399 1176 2450 Beda.

217 2474 303 2538 Igitur
322 2472 409 2524 Adam
428 2474 593 2540 protoplasto
617 2474 650 2525 de
670 2476 797 2542 paradysi
815 2474 945 2544 felicitate
971 2478 1079 2539 propter
1104 2473 1262 2524 inobedien-

46 2592 48 2603 ,
142 2545 213 2596 aiam
234 2547 344 2612 expulso
365 2552 392 2598 et
405 2546 474 2618 Abpl
493 2562 510 2596 a
524 2547 591 2598 Osin
610 2548 690 2600 fratre
711 2550 893 2600 exstincto-
913 2574 946 2584 -
964 2549 993 2596 in
1013 2555 1065 2612 qno
1085 2548 1142 2598 nan
1155 2552 1217 2598 suut
1237 2548 1263 2598 ei

143 2618 200 2669 filii.
239 2619 309 2672 Patr.
331 2617 401 2671 Oom.
422 2619 447 2683 Ι,
467 2621 511 2672 nt.

217 2693 269 2756 Qui
289 2696 368 2745 etiam
383 2694 483 2760 rapinis
503 2699 531 2745 et
544 2693 678 2744 violencie
690 2721 726 2732 -·
738 2723 775 2732 —
787 2695 815 2744 in
828 2695 938 2745 urbibus
952 2691 1073 2758 collegit.
1102 2693 1168 2744 r'ln'd.
1183 2709 1204 2743 a.
1219 2691 1262 2746 28.

218 2765 361 2818 Civitatem
381 2768 461 2818 etism
481 2768 516 2817 ab
531 2767 627 2818 Enoch
642 2795 675 2804 -
692 2794 725 2804 —
739 2767 822 2818 filiam
838 2769 945 2838 nomine
958 2767 1100 2822 Naninam.
1133 2765 1264 2831 Iosephus

45 2877 48 2917 η.
142 2837 234 2905 Antiq.
253 2838 277 2900 I,
297 2840 323 2890 4.

217 2913 336 2963 Lamech
350 2919 440 2963 autem
453 2929 495 2983 rps
509 2913 613 2965 divinas
627 2941 660 2952 -
680 2941 709 2950 -
725 2914 826 2966 diluvio
839 2915 984 2980 perierunt.
1010 2911 1081 2964 Patr.
1096 2910 1165 2964 Oom.
1179 2912 1203 2974 I,
1218 2912 1265 2964 28.

217 2987 338 3037 Fuerunt
350 2985 436 3036 Adam
457 2992 484 3036 et
502 2986 549 3038 alii
567 2985 616 3036 filii
637 3014 669 3023 -
691 3014 726 3024 —
742 2988 776 3037 ad
796 2987 868 3038 mala
880 2986 1015 3053 progressi
1028 2991 1103 3051 sunt3
1130 2984 1184 3039 Ios.
1199 2985 1223 3050 Ι,
1236 2985 1263 3037 4.

217 3060 340 3110 videntes
360 3059 431 3125 qnod
451 3059 500 3108 filii
519 3059 586 3112 Seth
606 3086 640 3096 -
661 3087 696 3096 -
714 3060 842 3112 inducere
860 3062 888 3110 in
908 3062 1027 3111 arcam?
1108 3113 1111 3118 ⁴

217 3132 418 3184 Sexcentesimo
437 3134 529 3197 itaque
548 3135 621 3184 vitae
640 3149 687 3184 sue
707 3148 776 3184 anno
797 3161 831 3170 -
851 3160 879 3170 -
903 3133 951 3184 sed
970 3148 1063 3184 semen
1082 3135 1148 3185 eius.
1190 3133 1263 3186 Petr.

143 3204 214 3256 Corn.
235 3204 259 3268 1,
279 3205 397 3256 33-36.

217 3279 292 3329 Vixit
315 3280 407 3344 itaque
425 3277 484 3330 'Noe
511 3306 545 3316 -
573 3305 603 3316 -—
631 3279 761 3330 habentes
785 3294 865 3345 super
890 3295 919 3329 se
944 3284 998 3329 tres
1025 3279 1107 3329 duces
1126 3280 1264 3341 Nemrotb,

143 3353 238 3403 lecton
259 3358 285 3402 et
305 3351 440 3422 Sullane?

216 3426 252 3474 Et
260 3424 364 3492 impleti
374 3431 436 3476 sunt
446 3426 504 3476 dies
514 3426 570 3476 Nos
587 3453 619 3462 -
631 3452 663 3462 -
676 3425 806 3491 usquead
824 3424 922 3475 caelos.
950 3423 1022 3475 Patr.
1035 3421 1104 3474 Gom.
1115 3423 1140 3488 I,
1160 3425 1205 3476 36.
1217 3423 1263 3476 38.

218 3499 346 3550 Sumebet
365 3513 429 3564 ergo
449 3498 562 3550 altitudo
585 3527 615 3536 -
636 3525 673 3536 -
692 3515 767 3550 suem
786 3504 850 3550 tunc
869 3497 1026 3552 habuerunt.
1065 3496 1119 3548 Ios.
1139 3496 1162 3563 Ι,
1184 3500 1210 3551 9.

218 3571 305 3622 Divisi
323 3577 386 3623 sunt
405 3600 435 3608 -·
459 3599 492 3608 -
512 3572 709 3624 mediterranea
722 3572 801 3623 simul
821 3577 901 3637 atque
922 3571 1063 3621 maritima.
1100 3568 1166 3622 itia.
1180 3589 1201 3623 o.
1218 3571 1262 3624 10.

218 3644 295 3705 Quod
316 3651 404 3695 antem
425 3645 546 3696 subditur
571 3645 605 3696 de
630 3652 701 3697 terra
721 3644 841 3696 Sennsar
861 3671 894 3681 -
916 3671 948 3680 ·-
969 3660 1054 3709 usque
1080 3643 1115 3693 ad
1141 3651 1261 3711 quartem

44 3722 47 3741 ⁸
143 3716 279 3771 cilisdern.
317 3717 388 3769 Patr.
410 3716 479 3770 Gom.
498 3734 520 3769 c.
539 3716 584 3768 38.

217 3790 326 3840 Interim
341 3807 405 3842 vero
425 3792 596 3843 obtinuerunt
619 3818 649 3828 -
672 3819 705 3827 -
725 3791 808 3843 libros
826 3793 884 3842 eius
905 3789 1058 3842 combussit
1095 3789 1160 3843 ibid.
1181 3810 1202 3843 a.
1217 3793 1263 3844 39.

144 3933 179 3986 ὣ
217 3863 258 3913 Ab
275 3864 373 3986 ppdem
393 3866 503 3916 inventa
522 3871 583 3916 sunt
600 3863 683 3930 ydola
706 3892 739 3902 -
767 3892 798 3902 -
824 3866 956 3930 imagines
982 3862 1149 3915 dedicarunt.
1190 3864 1263 3918 Patr.
1294 3885 1297 3892 ·

181 3953 215 3988 m.
235 3953 256 3986 c.
315 3973 320 3984 .

216 4011 344 4062 Exortum
355 4016 395 4062 est
405 4017 494 4062 antem
505 4027 616 4078 regnum
626 4010 794 4077 Assyriorum
806 4038 840 4048 —
853 4037 883 4047 -
897 4027 945 4076 per
954 4025 1032 4076 reges
1043 4011 1088 4062 3⁷.
1103 4010 1169 4064 ibid.
1180 4027 1202 4063 a.
1213 4011 1261 4064 46.

144 4153 167 4206 s)
190 4157 222 4195 r'ta
239 4157 257 4194 Β
273 4159 294 4197 1.
311 4157 366 4204 025
390 4168 445 4208 guas
460 4162 549 4208 uterque
566 4157 625 4196 addit
645 4158 710 4196 codsa
724 4169 744 4196 v.
766 4158 790 4197 tn
802 4156 950 4207 praefatione.
1034 4155 1058 4207 b)
1079 4158 1136 4196 daos
1158 4158 1263 4206 imagines

38 4243 41 4268 5
143 4215 221 4264 quitus
243 4221 442 4267 repraesentantur,
462 4217 535 4265 prima
558 4217 675 4266 semron,
699 4217 781 4264 Ninus,
805 4216 947 4266 Semiramis,
971 4215 1041 4254 altera
1064 4217 1157 4266 Darius,
1181 4214 1263 4266 Cyrus,

143 4272 277 4314 Alexander
292 4275 391 4322 Magnus
404 4276 537 4325 praemissae
551 4281 603 4315 sant
619 4275 638 4313 B
655 4276 674 4314 1.
693 4275 709 4314 0
724 4277 743 4316 s.
811 4273 832 4326 o)
849 4276 925 4314 iterum
940 4275 996 4312 daos
1012 4275 1097 4313 tabulas
1113 4275 1192 4314 saltitat
1208 4275 1228 4313 B
1242 4277 1263 4326 l,

143 4331 306 4384 <noanon02);
321 4335 345 4372 r'n
358 4335 431 4383 prima
446 4335 567 4387 Romulus,
584 4335 723 4376 Octavianus
739 4335 811 4376 cesar
825 4333 950 4384 Augustus,
966 4333 1040 4373 Iulias
1056 4333 1135 4386 Osset,
1151 4334 1175 4372 in
1191 4333 1263 4373 altera

37 4399 38 4416 ¹
146 4390 219 4431 Adam
235 4397 254 4431 st
269 4391 325 4432 Seth
341 4393 442 4434 delineari
456 4399 516 4434 sunt.

1014 4465 1028 4525 1
