3098 4982
302 364 359 415 256
409 361 597 415 ennomus
616 361 729 414 REGIA
750 359 1190 414 conouluusls.·con'r.1v,.
1209 359 1241 410 A.
1257 357 1337 408 1225.

304 529 448 616 gerebat,
460 550 568 594 comes
579 549 643 592 non
655 526 760 592 ferens
769 527 895 592 frenum
906 549 962 592 sue
971 525 1162 612 tyrannidis,
1175 533 1311 590 mortem
1322 523 1429 587 archi-

306 615 452 701 episcopi
462 612 673 694 machinatur,
685 610 795 676 adhoc
804 612 917 694 eciam,
927 608 1242 692 utdicitur,amultis
1253 606 1429 690 nobilibus,

329 720 443 764 uorum
466 695 650 782 superbiam
676 695 869 760 fortissimus
890 693 1001 782 presul
1023 695 1225 776 contriverat,
1256 693 1429 758 animatus.

341 783 457 868 enique
485 781 652 846 dominum
679 779 785 845 archie
808 781 875 844 isco
899 802 954 843 um
981 778 1168 844 redeuntem
1195 799 1307 842 versus
1331 775 1429 842 Colo-

306 868 392 931 niam
414 887 434 928 a
456 864 617 947 Sosacia1,
641 864 762 950 oppido
818 887 852 928 es
879 863 970 946 alie2,
992 865 1164 928 comitatur
1178 861 1320 926 infelicil
1334 883 1427 946 gras-

305 951 443 1032 satione,
464 948 586 1014 habens
608 970 719 1014 secum
748 949 966 1013 annonarios
987 947 1030 1012 ad
1051 957 1174 1013 tantum
1197 945 1300 1010 scelus
1328 967 1429 1031 expe·

306 1035 400 1115 ditos,
428 1033 473 1097 nil
500 1031 563 1098 tale
585 1033 811 1118 suspicantem,
862 1032 916 1096 uia
942 1031 1126 1096 huiusmodi
1154 1031 1370 1130 suspicionem
1393 1038 1429 1094 et

305 1118 449 1217 ingenita
469 1116 606 1182 audacia
627 1127 659 1181 et
679 1115 822 1181 naturale
840 1055 935 1180 ledus
949 1116 1238 1202 consanguinitatis
1260 1115 1301 1178 ab
1323 1113 1428 1178 archi-

307 1214 483 1288 eprscopo⁰
508 1199 703 1283 removebat,
735 1200 810 1265 licet
836 1211 910 1265 ante
939 1222 1059 1285 paucos
1085 1200 1154 1265 dies
1184 1221 1243 1284 per
1268 1197 1429 1284 quasdam

306 1285 426 1351 litteras
459 1284 522 1349 sibi
553 1287 755 1350 transmissas
775 1284 872 1349 fucrit
893 1287 1102 1370 premunitus.
1156 1284 1270 1368 Itaque
1296 1292 1427 1368 arrepto

307 1370 377 1435 loco
400 1380 431 1434 et
452 1380 596 1456 tempore
618 1378 785 1454 oportuno,
818 1391 883 1432 non
911 1367 1007 1454 longe
1037 1392 1057 1433 a
1084 1366 1161 1450 villa
1190 1391 1253 1454 que
1276 1366 1426 1432 Suelme²

306 1454 490 1519 nominatur
511 1451 671 1539 presulem
691 1452 800 1516 idem‘¹
822 1473 929 1517 comes
951 1475 1026 1517 cum
1049 1451 1242 1538 quibusdam
1264 1452 1329 1516 suis
1352 1472 1428 1514 con-

308 1538 446 1621 siliariis,
468 1537 606 1602 cruentis
628 1536 843 1619 carnificibus,
865 1537 964 1602 latere
987 1539 1054 1602 eius
1077 1537 1231 1636 perfosso,
1253 1534 1427 1600 sceleratos

308 1623 439 1686 sicarios
460 1623 495 1685 in
517 1631 652 1687 mortem
673 1622 775 1706 ipsius
802 1620 1003 1704 exhortatum
1037 1643 1093 1707 qn1
1117 1621 1151 1684 in
1173 1642 1247 1684 eum
1268 1620 1428 1684 irruentes

329 1706 423 1770 ladiis
451 1715 483 1770 et
509 1705 707 1792 pugionibus
715 1717 740 1788 0,
771 1706 812 1770 38
841 1705 946 1790 plagis
974 1707 1083 1790 ipsum
1111 1705 1307 1770 confodiunt.
1350 1703 1426 1767 Hoc

307 1729 401 1872 beto,
434 1791 501 1856 reci
524 1791 568 1854 itr
601 1812 636 1854 se
664 1811 772 1854 comes
803 1810 876 1853 eum
909 1790 975 1854 suis
1000 1790 1036 1853 in
1069 1799 1207 1854 castrum
1239 1788 1372 1852 Isenber
1401 1799 1425 1851 t.

308 1877 397 1940 Iacet
417 1813 524 1938 nobild
546 1895 662 1958 corpus
685 1873 846 1938 desertum
868 1872 908 1938 ab
932 1873 1097 1956 omnibus3
1119 1895 1193 1937 nam
1216 1881 1285 1937 tota
1304 1872 1381 1936 fami
1397 1873 1429 1937 'a

309 1959 478 2023 conterrita
507 1968 573 2023 tam
598 1959 764 2043 inopinato
794 1957 914 2022 scelere
945 1956 1123 2042 aufugerat,
1156 1967 1291 2044 excepto
1323 1978 1427 2042 parvo

309 2041 445 2125 servulo,
477 2043 532 2130 qui
556 2040 643 2106 solus
667 2042 805 2107 cadaver
834 2041 957 2105 domini
978 2041 1161 2107 custodivit.
1204 2041 1307 2106 Nocte
1329 2040 1426 2106 adve-

308 2128 415 2193 niente
437 2127 501 2191 duo
529 2125 679 2211 indigene
707 2127 742 2189 in
767 2124 846 2211 biga
872 2147 988 2212 corpus
1016 2125 1164 2191 deferunt
1185 2125 1370 2211 reponendo
1392 2126 1427 2190 in

309 2211 446 2278 ecclesia
468 2209 606 2288 Suelme,
636 2231 732 2295 quam
754 2212 825 2296 ipse
848 2233 881 2274 se
905 2211 1013 2275 uentih
1042 2210 1204 2274 dominica
1226 2219 1294 2274 crat
1315 2231 1427 2276 conse·

309 2305 473 2378 oraturus3
497 2316 595 2381 quam
618 2295 748 2360 obrem
772 2303 804 2358 et
824 2316 863 2358 ea
883 2231 936 2358 die
959 2316 1023 2381 qua
1045 2295 1168 2358 occisus
1191 2304 1240 2359 est
1256 2293 1427 2361 confessio-

309 2403 383 2445 nem
406 2379 446 2443 de
468 2379 609 2464 peccatis
633 2379 698 2442 suis
719 2379 849 2443 fecerat.
892 2379 1025 2443 Postera
1047 2379 1099 2443 die
1121 2379 1250 2444 ducitur
1270 2378 1312 2443 ad
1334 2400 1427 2443 eeno-

308 2464 399 2529 bium
420 2463 615 2548 Bergensess,
646 2462 702 2526 ubi
729 2483 749 2524 a
776 2460 928 2526 fratribus
956 2461 1020 2526 loci
1049 2485 1104 2527 cor
1128 2486 1165 2527 us
1198 2484 1271 2526 cum
1302 2464 1426 2546 ingenti

309 2547 387 2613 fletu
419 2569 490 2612 rece
514 2555 593 2628 tum,
629 2545 825 2610 aromatibus
852 2546 1017 2610 conditum
1049 2556 1081 2612 et
1104 2485 1265 2612 luctuosis
1297 2546 1427 2631 vigiliis,

309 2631 421 2696 addita
441 2569 636 2716 psalmorum
658 2628 805 2711 melodia,
827 2639 875 2694 est
896 2630 1106 2714 custoditum3
1135 2633 1191 2695 ubi
1214 2631 1344 2718 quidam
1365 2630 1428 2694 fra·

309 2725 395 2780 trum
417 2723 584 2796 testantur,
607 2735 641 2776 se
668 2735 709 2777 an

309 2799 407 2864 frater
427 2798 564 2863 eundem
586 2796 699 2861 eadem
710 2735 800 2861 liora
821 2799 882 2864 sibi
904 2800 938 2862 in
960 2821 1029 2863 som
1054 2801 1103 2864 nis
1122 2809 1331 2886 apparentem
1345 2799 1428 2864 vidit

312 2893 344 2948 et
371 2882 540 2964 dicentem,
570 2903 603 2945 se
631 2903 690 2967 pro
717 2882 844 2947 iusticia
870 2883 1013 3034 triumph
1046 2907 1097 2948 em
1126 2886 1260 2949 martirii
1286 2884 1428 2948 lauream

733 2714 830 2777 elices
858 2736 955 2778 voees
977 2715 1116 2780 audisse.
1160 2715 1302 2797 Quidam
1324 2716 1426 2780 eciam

312 2967 476 3032 meruisse.
519 2967 675 3030 Intestina
696 2967 765 3030 eius
786 2965 908 3032 ibidem
931 2991 968 3031 su
992 2976 1110 3033 terrete
1132 2979 1214 3034 sunt
1257 2969 1297 3032 In
1318 2967 1429 3053 vigilia

201 3082 256 3123 nou.
267 3080 302 3121 ro.
313 3052 443 3116 Martini
488 3053 645 3115 recissum
668 3071 785 3135 corpus
809 3051 976 3116 Ooloniam
998 3051 1184 3135 adducitur3
1206 3051 1262 3116 ubi
1286 3074 1360 3116 cum
1381 3053 1428 3116 in-

313 3136 485 3201 enarrab'i
506 3135 583 3200 fletu
604 3144 637 3198 et
658 3133 780 3199 eiulatu
802 3157 822 3198 a
837 3135 921 3200 clero
942 3146 975 3201 et
995 3137 1116 3223 populo
1139 3147 1188 3202 est
1208 3146 1374 3222 receptum
1396 3146 1428 3201 et

312 3221 346 3284 in
368 3219 502 3285 ecclesia
524 3220 610 3284 beati
631 3219 718 3282 Petri
739 3218 935 3305 depositum3
958 3221 1013 3286 ubi
1036 3221 1140 3286 eidem
1162 3219 1302 3306 gloriosa
1316 3221 1429 3286 tumba

311 3315 361 3369 est
374 3316 490 3384 erecta,
513 3302 788 3369 crebrescentibus
808 3304 850 3368 ad
869 3304 1013 3369 tumbam
1036 3306 1104 3370 eius
1120 3305 1251 3370 cotidiei
1267 3304 1429 3370 miraculis

312 3399 344 3454 et
365 3387 547 3471 virtutibus,
577 3386 738 3452 nonnullis
760 3389 844 3472 egris
864 3390 910 3453 ibi
933 3398 1074 3474 optatam
1096 3389 1324 3475 recipientibus
1347 3389 1429 3457 sani-

279 3495 283 3503 *
311 3484 420 3539 tatem.
471 3472 663 3538 Constanter
694 3473 779 3536 enim
820 3482 965 3560 speratur
995 3475 1101 3561 ipsum
1140 3476 1274 3538 martirii
1306 3475 1431 3560 premia

312 3559 477 3639 meruisse,
514 3556 590 3644 quia
622 3557 815 3642 equissimus
850 3556 950 3621 iudex
986 3569 1017 3622 et
1051 3568 1220 3623 strennuus
1256 3561 1360 3644 patrie
1397 3567 1431 3623 et

312 3641 518 3706 ecclesiarum
540 3640 603 3704 Dei
633 3638 783 3705 defensor
804 3639 866 3706 fuit
890 3650 922 3706 ct
965 3663 1001 3705 ro
1024 3664 1135 3706 earum
1157 3641 1309 3708 occubuit
1324 3641 1431 3708 defen-

306 3727 411 3790 sione.
455 3725 543 3789 Inter
575 3733 681 3788 cetera
716 3724 817 3789 eciam
845 3725 914 3790 cius
942 3664 1119 3791 laudabilia
1140 3735 1232 3812 gesta
1260 3735 1292 3792 et
1316 3748 1431 3813 pacem

313 3923 336 3974 a)
352 3923 474 3965 Westallie
491 3922 534 3965 01.
599 3921 623 3975 b)
640 3924 655 3963 t.
672 3935 693 3973 g.
709 3925 755 3964 etta
769 3935 836 3965 mauu
851 3927 875 3965 ia
891 3926 936 3966 loeo
951 3937 1003 3966 raso
1020 3927 1068 3969 Β1,
1137 3925 1158 3980 θ)
1175 3928 1285 3978 episcopo
1301 3927 1348 3967 utta
1362 3938 1431 3968 maan

313 3994 370 4025 corr.
388 3982 562 4032 archiepiscopo
578 3983 628 4034 Bl,
652 3988 671 4022 ct
686 3985 718 4023 tta
733 3984 853 4026 Hom
870 3983 917 4035 (ott
932 3996 972 4025 arc
986 3987 1010 4025 r'a
1025 3987 1071 4026 loeo
1087 3987 1157 4040 raso).
1210 3984 1242 4037 ·(1)
1258 3987 1321 4027 idern
1338 4005 1365 4016 ·-
1382 3997 1431 4027 car·

313 4041 422 4082 ntflcibns
443 4041 489 4080 alta
510 4052 578 4081 manu
597 4042 622 4082 ta
643 4043 689 4082 loco
704 4053 756 4086 raso
772 4043 821 4085 Β1.
896 4042 919 4096 θ)
934 4046 1118 4094 pugnationibus
1134 4047 1175 4087 01.
1252 4044 1375 4096 oreceptt
1390 4047 1433 4090 01.

309 4100 337 4151 g)
353 4100 488 4142 Ysenbereh
503 4101 551 4151 013
566 4101 678 4152 Inseberg
693 4102 735 4144 02.
796 4101 821 4154 h)
837 4104 862 4142 in
878 4104 984 4154 sequenti
1000 4106 1070 4148 (11.1.
1131 4103 1148 4158 1)
1165 4106 1220 4146 deest
1237 4107 1278 4147 01.

317 4269 345 4338 1)
365 4267 448 4323 Soest.
523 4269 552 4338 2)
573 4267 707 4323 statuum.
783 4267 813 4337 3)
832 4270 983 4340 Atteuberq.
