2988 5058
296 347 350 400 ate
411 348 461 399 EX
481 347 574 399 HlS‘l'.
595 345 872 401 COLONIENSIUM
892 346 929 398 Ill
948 345 1098 398 Tuannu
1118 344 1302 399 SANOTAM.

221 531 427 602 suagrossus
468 525 594 581 nostros
635 537 749 581 versus
784 513 965 579 Messanam
1006 513 1069 578 leto
1105 513 1189 600 pede
1226 513 1456 594 direximus,

296 601 522 687 venientesque
557 621 658 685 prope
692 597 846 680 Siciliam,
882 597 992 662 divina
1027 599 1171 683 potentia
1203 601 1308 664 totius
1357 597 1453 662 boni

297 706 405 767 causa,
427 706 488 769 que
510 685 574 748 iam
597 705 656 748 nos
678 705 833 771 aquarum
856 691 889 747 et
909 683 992 747 aeris
1013 683 1225 747 commotione
1246 680 1452 748 tribulatos

296 766 517 855 probaveras,
540 790 615 832 suos
636 767 742 832 adhuc
764 769 839 852 igne
855 765 1012 850 castigare
1027 765 1228 852 disponebat.
1261 766 1451 830 Proxima

136 868 237 920 nera
252 867 436 939 unamque
470 862 564 918 noete
599 861 674 938 post
708 861 837 916 octavas
867 849 987 937 pasche
1020 848 1280 916 choruscationes
1317 850 1449 916 subito

297 958 394 1023 super
421 958 479 1001 nos
508 946 576 1003 orte
604 947 688 1018 sunt,
721 944 753 1001 et
781 956 857 1000 ecce
890 935 1070 1000 tonitruusl’
1098 936 1132 999 in
1164 956 1242 999 sono
1265 957 1311 1000 ac
1335 943 1446 1000 motu

296 1021 502 1086 acutissimus
525 1042 635 1086 omnes
656 1029 782 1085 nostros
803 1021 837 1083 in
859 1020 996 1083 extasim
1018 1019 1134 1105 rapuit,
1157 1029 1189 1084 et
1202 1019 1319 1105 aliqui,
1348 1040 1444 1104 quos
1478 1015 1479 1106 J

296 1105 440 1171 dedit0s⁰
470 1127 581 1170 somno
611 1103 817 1190 putabamus,
844 1104 879 1167 in
900 1103 1043 1168 Domino
1071 1103 1278 1168 dormierunt.
1330 1101 1444 1168 Multi

296 1191 392 1254 etiam
415 1212 458 1254 ex
478 1189 650 1254 fulminum
671 1186 852 1253 ustionibus
881 1188 1045 1254 cicatrices
1072 1189 1106 1252 in
1137 1186 1332 1253 memoriale
1358 1210 1443 1274 per·

297 1274 456 1360 empniter
477 1282 657 1339 tenuerunt.

489 1442 519 1507 6.
552 1441 608 1506 De
631 1439 899 1526 expedicione
921 1439 968 1504 ad
989 1439 1228 1504 Damiatam.

380 1559 496 1625 Anno¹
520 1563 621 1646 gratie
643 1560 810 1626 millesimo
833 1560 1051 1625 ducentesimo
1074 1559 1338 1625 octavodecimo
1357 1580 1437 1624 coc·

296 1665 395 1730 gones
425 1643 672 1711 innumerabiles
704 1645 743 1709 ad
772 1655 899 1731 portum
928 1648 1150 1709 Acconensem
1182 1643 1435 1730 applicuerunt,

297 1729 365 1792 sine
387 1729 503 1816 quibus
526 1751 590 1793 non
613 1729 806 1815 expediebat
828 1729 1005 1794 exereitum
1026 1728 1173 1793 navalem
1194 1730 1228 1792 in
1249 1729 1434 1812 Egyptum

296 1809 464 1898 dirigere.¹
489 1814 560 1878 Rex
582 1822 615 1878 et
631 1815 811 1900 patriarcha
834 1835 906 1876 cum
929 1811 1007 1877 flore
1024 1813 1164 1895 Austrie,
1179 1810 1432 1911 Hospitalibus·

320 1919 360 1960 ue
387 1906 419 1962 et
440 1896 631 1983 Templariis
659 1897 791 1962 consilio
815 1897 953 1983 Spiritus
983 1898 1086 1961 sancti
1115 1895 1362 1982 expeditionem
1397 1897 1431 1958 in

297 1920 509 2067 babyloniam
530 1981 594 2046 lide
616 1983 804 2068 interposita
823 1990 991 2064 voverunt,
1013 1981 1204 2067 prefigentes
1227 2002 1305 2080 pere
1353 1981 1361 1996 ‘
1392 1980 1427 2061 's,

298 2065 354 2150 qui
387 2064 530 2150 pericula
564 2067 660 2130 maris
693 2065 818 2151 plenius
851 2067 976 2150 experti
1014 2075 1098 2146 sunt,
1134 2066 1240 2129 iterim
1273 2063 1305 2128 la
1333 2065 1428 2128 orisd

299 2148 536 2214 Exultationem
559 2160 667 2215 sancte
690 2151 806 2214 crucis.
849 2149 945 2214 Unde
966 2150 1094 2231 accidit,
1115 2149 1206 2212 utin
1227 2150 1426 2214 ascensione

298 2233 441 2316 Domini,
474 2233 602 2321 quando
635 2257 734 2298 naves
763 2233 872 2320 egredi
900 2232 1070 2315 debebant,
1103 2241 1200 2318 prout
1226 2233 1426 2316 iuraverant,

300 2339 343 2383 ex
363 2318 525 2403 insperato
547 2318 662 2402 viginti
682 2328 747 2383 tres
770 2340 932 2403 coggones
954 2317 1185 2403 subsequentes
1207 2316 1423 2402 applicarent.

300 2401 400 2465 Porro
430 2423 503 2466 cum
533 2404 669 2468 maiores
698 2424 772 2467 cum
804 2402 891 2487 ligno
924 2412 1033 2467 sancte
1070 2401 1174 2465 crucis
1206 2399 1421 2486 precedentes

300 2487 558 2572 congregationis
594 2485 701 2550 locum
736 2487 823 2572 apud
854 2486 1046 2550 Districtum
1083 2494 1261 2566 servarent,
1298 2483 1420 2549 classes

299 2570 458 2634 minorum
480 2581 512 2635 et
532 2568 701 2634 humilium
717 2569 845 2635 Christo
868 2571 949 2635 duce
964 2569 1150 2634 Damiatam
1170 2569 1253 2632 infra
1274 2567 1418 2634 triduum

299 2652 532 2752 applicuerunt.
576 2655 619 2719 Et
646 2656 763 2718 mirum
791 2654 889 2736 dictu,
918 2655 973 2742 qui
1000 2653 1123 2718 tardius
1146 2654 1257 2717 Aecon
1285 2675 1305 2716 a
1326 2661 1417 2738 tergo

299 2736 502 2822 requuerant,
530 2759 589 2822 per
609 2737 690 2802 duas
712 2739 843 2824 quidam
865 2737 1072 2822 ebdomadas,
1101 2737 1232 2825 qnidam
1255 2747 1287 2803 et
1308 2759 1415 2822 supra,

299 2819 399 2907 aliqui
421 2822 517 2885 etiam
540 2843 599 2906 per
619 2844 761 2887 mensem
782 2821 834 2887 vel
863 2822 1000 2908 amplius
1029 2824 1064 2886 in
1086 2823 1166 2886 mari
1192 2831 1266 2886 sunt
1287 2820 1417 2887 detenti.

300 2903 441 2968 Domino
474 2914 583 2969 antem
615 2905 782 2971 humilium
815 2907 965 2972 affectum
998 2907 1173 2992 dirigente,
1206 2905 1355 2970 Frisones
1384 2913 1417 2970 et

299 2988 490 3054 Theutonici
519 3012 593 3054 cum
620 2989 690 3054 aliis
717 3013 851 3056 numero
882 2992 992 3077 paucis
1020 3000 1137 3055 terram
1164 2988 1315 3054 audacter
1343 3011 1416 3054 con·

300 3072 465 3144 scendunt
504 3075 551 3138 Pa
575 3075 628 3138 ani
649 3076 766 3140 nostris
782 3076 958 3157 obviantes,
980 3075 1153 3139 Frisonicis
1168 3084 1321 3138 corruunt
1334 3072 1415 3157 telis,

301 3157 478 3244 ceterisque
499 3097 654 3224 viriliter⁰
683 3159 830 3245 repulsis,
857 3160 993 3224 tentoria
1021 3160 1105 3223 inter
1131 3180 1219 3222 mare
1249 3167 1281 3223 et
1304 3156 1413 3222 Nilum
1478 3165 1479 3224 ἶ

301 3242 525 3307 decentissime
547 3253 620 3309 sunt
643 3245 797 3307 ordinata.
841 3243 994 3308 Damiata
1003 3255 1025 3326 ²,
1046 3242 1080 3306 id
1102 3250 1151 3308 est
1172 3242 1314 3307 omnium
1334 3242 1411 3307 civi·
1478 3249 1479 3252 ’

299 3333 400 3391 tatum
428 3326 550 3412 Egypti
579 3327 718 3408 domina,
752 3328 785 3391 in
806 3329 877 3414 ripa
898 3327 964 3392 Nili
984 3329 1076 3392 iuxta
1096 3347 1185 3392 mare
1207 3347 1357 3412 magnum
1376 3327 1411 3391 in

299 3408 412 3492 insula,
441 3412 540 3474 immo
567 3433 664 3496 super
691 3411 806 3476 florida
832 3411 995 3498 temporef
1022 3419 1069 3476 est
1095 3412 1165 3475 sita.
1218 3411 1288 3474 Hec
1315 3411 1410 3496 pratis
1477 3403 1479 3496 J

300 3515 427 3641 semper
447 3495 635 3577 virentibus,
664 3497 763 3560 ortis&
792 3516 830 3560 ac
856 3496 1023 3596 pomeriis,
1052 3495 1168 3582 palmis
1193 3503 1226 3560 et
1246 3492 1409 3560 arboribus

299 3579 375 3644 nobi
388 3578 503 3642 issimis
536 3578 736 3644 iocundatur.
789 3579 874 3644 Mum
903 3581 1041 3644 civitatis
1070 3581 1205 3645 turrium
1232 3579 1409 3645 fortitudine
1477 3637 1479 3646 ,

300 3660 532 3748 superbientes,
567 3663 694 3728 fossatis
727 3685 766 3728 ao
801 3663 907 3729 fluviis
937 3665 1241 3749 circumcinguntur.
1295 3662 1407 3728 Versus

301 3746 510 3829 occidentem,
531 3747 587 3811 ubi
609 3770 668 3833 per
689 3747 798 3812 Nilum
822 3757 982 3834 prestatur
1003 3747 1118 3828 aditus,
1148 3769 1207 3834 pro
1230 3747 1355 3813 custode
1375 3749 1405 3811 in

301 3924 325 3980 a)
340 3928 496 3978 probaverant
508 3940 565 3970 corr.
579 3930 719 3980 probaverat
727 3941 745 3971 e.
820 3929 844 3983 b)
860 3931 959 3970 tonltrus
975 3942 1032 3971 corr.
1048 3931 1163 3970 tonitruus
1179 3941 1207 3973 e.
1272 3929 1293 3982 c)
1309 3931 1403 3974 deditos.
1478 3927 1479 3960 ἒ

301 3984 325 4038 d)
341 3987 468 4028 cocubalum
490 3987 587 4042 (dlemt)
609 3989 679 4029 desere
700 3990 790 4032 videtur.
880 3987 902 4041 e)
918 3991 1024 4030 virilibus
1040 3995 1090 4030 ante
1105 3991 1205 4030 viriliter
1219 3999 1261 4034 rer.
1283 3991 1318 4030 red
1337 3991 1373 4033 del.
1387 4002 1403 4032 a
1478 3991 1479 4014 ³

300 4044 319 4098 f)
335 4047 366 4087 ita
382 4057 408 4094 c.,
424 4049 484 4087 loeas
499 4053 572 4098 aperte
586 4053 711 4098 corruptae.
771 4048 794 4100 g)
812 4051 886 4089 crtum
902 4053 953 4089 onte
969 4050 1025 4090 ortis
1041 4050 1080 4088 del.
1096 4061 1114 4092 o.

304 4195 331 4265 1)
363 4197 439 4250 Haec
470 4215 503 4250 ea·
539 4199 630 4250 eadem
666 4197 765 4251 Olioeri
801 4200 929 4252 relatione
968 4218 1022 4266 qao
1053 4199 1194 4265 superiora
1225 4208 1311 4252 sumta
1339 4209 1401 4252 suat.

301 4269 331 4336 2)
352 4269 392 4336 Os.
415 4272 545 4323 similz'lem
573 4272 772 4338 descriptionem
800 4274 829 4324 in
855 4271 985 4325 Chronica
1013 4272 1087 4341 reple
1114 4290 1198 4339 supra
1222 4290 1252 4339 p.
1273 4274 1337 4339 2453
1361 4274 1403 4326 sed

300 4344 385 4395 malta
403 4344 445 4396 hie
463 4345 542 4398 aliter
560 4361 694 4412 expressa.
