3098 4982
164 433 165 437 ,
228 394 549 480 cenomanensis
570 396 823 450 COLONIENSIS.
844 397 1164 451 commutarem.
1221 400 1273 450 241

559 569 726 622 Reaaaslo
747 569 771 620 Ι.
787 575 815 622 at
830 570 871 624 ΙΙ.

154 635 330 702 Ulixibona
346 657 420 700 cum
433 638 474 702 80
484 637 620 702 navibus
636 635 689 702 vcl
705 635 800 722 paulo
816 636 889 723 plus
905 649 1136 705 recesserunt1.
1159 641 1274 706 Tercio

152 721 253 805 igitur
273 719 345 785 Kal.
362 719 502 806 Augusti
523 743 543 786 a
564 721 657 786 dietis
679 720 849 786 comitibus
866 721 1031 788 obsessum
1047 733 1096 788 est
1117 733 1378 810 castrum31„2‚20,

154 804 210 869 sed
231 805 261 868 3.
284 804 366 872 Non.
389 803 483 869 huius
512 806 631 870 mensis
664 804 863 871 advenerunt
888 807 922 870 in
976 805 1087 872 ulehro
1122 810 1374 886 comitatuaaa⁸

177 887 271 952 refati
292 890 436 974 episcopi
458 897 490 954 et
510 888 623 954 fratres
644 887 782 953 miliciae
805 888 917 956 Sancti
938 830 1058 968 fflcobi
1089 894 1146 978 qui
1175 901 1207 957 et
1235 892 1275 960 de

187 970 272 1036 ladio
294 970 505 1058 appellantur,
529 994 602 1036 cum
623 972 694 1037 aliis
708 971 870 1038 nobilibus
892 974 931 1040 de
947 997 1047 1060 regno
1059 975 1274 1060 Portugaliae.

155 1057 271 1122 Statim
292 1066 366 1141 post
386 1055 446 1122 hec
459 1057 626 1142 impletum
645 1067 698 1121 est
719 1056 884 1140 fossatum,
899 1067 931 1123 et
944 1059 1049 1124 factus
1064 1069 1114 1124 est
1128 1059 1275 1144 incultae,

154 1150 186 1206 et
206 1141 418 1205 instrumenta
439 1139 555 1206 bellica
577 1151 650 1206 sunt
672 1150 784 1206 contra
804 1153 962 1224 muruma,
977 1152 1009 1208 et
1022 1143 1180 1209 interfecti
1201 1153 1276 1210 sunt

153 1234 220 1289 tam
249 1223 414 1288 christiani
440 1246 538 1312 quam
566 1223 744 1306 Sarraceni,
771 1225 823 1290 isti
849 1224 1028 1310 lapidibus,
1058 1225 1104 1290 illi
1140 1229 1274 1313 sagittis.

152 1309 271 1373 Postea
291 1318 496 1374 accesserunt
521 1309 660 1374 fossores
689 1308 749 1373 sub
777 1319 863 1374 terra
887 1309 1055 1394 fodientes,
1082 1320 1119 1376 ut
1146 1334 1275 1376 murum

153 1392 328 1475 deicerent,
351 1394 406 1458 at¹³
431 1391 599 1458 Sarraceni
614 1394 803 1459 econtrario
818 1393 976 1458 fodientes
991 1404 1116 1460 nostros
1130 1395 1273 1480 inpedie-

152 1485 241 1559 runt3
257 1486 366 1542 tamen
381 1485 446 1542 tam
467 1475 595 1542 illorum
616 1475 725 1542 labore
748 1486 814 1542 tam
836 1499 878 1542 ex
899 1479 1033 1542 istorum
1055 1480 1142 1543 circa
1156 1481 1274 1545 festum

152 1561 255 1624 sancti
266 1559 484 1626 Bartholomei
500 1561 616 1627 cecidit
631 1582 695 1625 una
709 1563 819 1645 turris,
835 1583 896 1626 nec
911 1572 1017 1627 tamen
1034 1564 1139 1648 patuit
1152 1564 1389 1645 aditus3r1asa.

152 1645 286 1709 interior
307 1645 393 1708 enim
414 1666 490 1730 pars
511 1646 642 1730 parietis
664 1647 792 1710 mansit.
825 1646 980 1710 Proxima
1001 1648 1110 1732 itaque
1125 1649 1275 1734 sequenti
1355 1685 1356 1688 ¹

151 1727 232 1792 feria
242 1738 317 1814 post
326 1728 443 1793 festum
453 1730 630 1794 nativitatis
643 1739 792 1794 sanctae⁰
806 1729 929 1793 Mariae
940 1739 1050 1794 contra
1065 1731 1274 1796 christianos(l
1284 1759 1340 1810 sar.
1349 1761 1370 1803 s.

153 1813 338 1898 congregati
367 1823 441 1877 sunt
489 1821 604 1878 uatuor
628 1835 720 1897 reges
744 1814 995 1877 sarracenorum
1016 1815 1050 1877 in
1071 1812 1274 1880 multitudine

152 1899 254 1982 gravi,
269 1919 329 1962 rex
343 1897 466 1961 scilicet
506 1895 644 1977 ibiliae2,
659 1918 742 1982 quae
762 1895 825 1961 alio
845 1897 974 1962 nomine
989 1897 1133 1983 Hispalis
1148 1898 1274 1982 dicitur,

151 1982 186 2045 in
231 2004 273 2046 ua
295 1981 456 2067 quondam
477 1981 592 2046 beatus
606 1980 763 2045 Ysidorus
785 1990 854 2045 erat
875 1980 1144 2067 archiepiscopus,
1163 1991 1194 2048 et
1215 2005 1275 2048 rex

153 2064 193 2129 de
208 2003 373 2148 dorsuna,
395 2064 481 2130 unde
492 2065 641 2130 Lucanus
657 2064 780 2130 exstitit
803 2065 967 2149 oriundus,
983 2067 1068 2129 sicut
1087 2067 1155 2130 eius
1175 2068 1274 2152 epita·

153 2147 265 2235 phium
287 2159 438 2214 testans:

282 2233 435 2300 Corduba
456 2257 504 2298 me
525 2237 648 2319 penult,
669 2235 788 2318 rapuit
808 2233 909 2315 Naro,
928 2233 1041 2316 prelia
1063 2234 1147 2314 disi,

323 2317 391 2392 Qua
412 2341 538 2404 passere
555 2341 670 2402 pares,
694 2319 771 2382 laiac
792 2340 892 2398 socer,
914 2318 992 2382 iada
1014 2339 1130 2402 parrer,

152 2401 270 2464 tercius
294 2425 353 2466 rex
380 2403 420 2466 de
441 2403 572 2486 Iehen³,
600 2411 731 2488 quartus
762 2400 802 2466 de
825 2399 1045 2464 Batauum-⁴.
1095 2401 1155 2465 Isti
1177 2422 1271 2486 reges

150 2485 250 2548 fixere
276 2487 412 2551 tentoria
434 2503 498 2572 'pro
524 2510 541 2552 e
570 2485 758 2550 christianos
780 2485 822 2548 ad
844 2507 943 2549 unam
964 2483 1099 2568 leucam,
1128 2482 1272 2550 volentes

150 2567 339 2634 christianos
368 2570 408 2634 de
436 2509 560 2656 prelato
588 2579 693 2634 castro
721 2569 862 2656 effugare
891 2577 922 2634 et
955 2589 993 2632 ca
1017 2569 1132 2634 tivatos
1162 2589 1272 2633 secum

149 2651 320 2718 abducere.
364 2652 429 2720 Sed
459 2655 660 2740 omnipotens
681 2653 782 2736 Deus,
813 2655 870 2740 qui
897 2590 1045 2738 superlis
1067 2653 1187 2718 resistit
1215 2653 1272 2717 hu-

150 2733 280 2800 milibus
309 2736 389 2800 dans
417 2739 563 2823 gratiam,
597 2737 747 2823 dignatus
775 2747 824 2802 est
849 2759 924 2802 suos
958 2737 1135 2802 confortare
1169 2735 1273 2802 tribus

151 2817 313 2884 miraculis
335 2824 538 2906 preostensis.
588 2822 665 2908 Ipsa
694 2823 779 2886 enim
807 2822 858 2886 die
880 2821 923 2885 ad
944 2843 1095 2907 vesperas
1123 2821 1274 2908 apparuit
1285 2845 1343 2898 sar.
1360 2848 1394 2890 ro.

151 2903 341 2988 triumphale
356 2905 388 2967 in
404 2925 476 2970 aere
492 2903 645 2970 vexillum
660 2913 789 2970 sanctae
805 2907 910 2969 crucis
921 2907 956 2968 in
970 2907 1099 2990 signum
1110 2906 1273 2986 victoriae.

151 2986 230 3050 Post
250 2989 353 3052 noctis
374 2985 516 3054 medium
530 2990 619 3054 venit
631 2989 665 3052 in
680 2988 874 3053 adiutorium
894 2989 1141 3053 christianorum
1160 2991 1274 3054 Petrus

150 3073 304 3155 magister
325 3071 462 3138 miliciae
484 3074 620 3158 Templi,
643 3081 675 3136 et
695 3073 728 3136 in
755 3074 825 3158 ipso
848 3071 1017 3137 conflictuf
1039 3074 1109 3137 visa
1130 3081 1180 3136 est
1201 3093 1274 3137 can·

152 3153 335 3221 didatorum
364 3155 460 3221 turba
491 3155 602 3222 celitus
634 3156 742 3220 missa.
791 3156 887 3221 Mane
917 3164 1025 3220 autem
1046 3157 1143 3238 facte,
1165 3156 1200 3219 in
1222 3155 1273 3220 die

150 3239 443 3305 videlieetProthiss
465 3251 497 3306 et
507 3241 651 3322 lacincti,
673 3241 707 3303 in
727 3240 871 3304 maxima
892 3237 1027 3303 elatione
1050 3239 1128 3303 dicti
1142 3261 1234 3325 reges
1255 3259 1342 3310 asae.
1355 3261 1390 3302 11.

175 3332 241 3389 arte
257 3324 401 3389 orientali
416 3325 457 3388 ad
471 3347 615 3412 pugnam
630 3333 704 3389 sunt
714 3324 861 3388 ordinati.
894 3324 939 3387 At
949 3323 1123 3404 christiani,
1134 3325 1274 3388 minores

150 3345 213 3472 liis
234 3431 378 3491 numero,
401 3411 539 3474 maiores
561 3418 668 3474 autem
690 3409 810 3488 merito,
833 3427 906 3471 suas
927 3407 1013 3471 acies
1036 3405 1144 3471 debito
1161 3405 1273 3471 ordine

153 3502 338 3558 struxerunt
352 3513 372 3556 a
386 3504 477 3580 parte
493 3492 691 3559 occidentali.
734 3491 829 3557 Unde
852 3489 976 3554 refulsit
1002 3489 1052 3554 sol
1073 3491 1107 3554 in
1129 3489 1273 3576 clipeosl

153 3597 276 3659 aureos,
298 3585 330 3641 et
350 3576 616 3663 resplenduerunt
636 3585 761 3641 montes
782 3577 823 3641 ab
846 3575 901 3656 eis,
917 3585 949 3639 et
962 3573 1116 3639 fortitudo
1130 3575 1274 3659 gentium

153 3658 250 3723 corde
272 3660 405 3726 confusa
426 3670 484 3728 est.
528 3661 615 3743 Quid
636 3659 752 3746 plura?
786 3657 837 3723 Illi
858 3660 892 3722 in
914 3656 1045 3740 viribus,
1074 3658 1128 3723 isti
1155 3658 1275 3724 infide

153 3743 328 3810 confidunt.
371 3743 417 3810 At
437 3745 594 3810 Martinus
617 3743 857 3809 commendator
877 3740 1028 3826 Palmele,
1057 3764 1178 3829 parvus
1207 3763 1275 3808 cor-

153 3847 243 3912 pore,
265 3827 361 3892 corde
382 3827 443 3912 leo,
468 3828 643 3895 vexillum-¹·

341 3911 456 3978 dextra
474 3913 605 3979 vibrans
626 3911 845 3998 clipeumquei
868 3911 995 3977 sinistro

154 4035 278 4090 alsupplc:
293 4039 388 4082 directa.
401 4040 426 4082 P.
457 4038 482 4093 b)
499 4044 522 4080 et
538 4042 582 4082 01.
599 4040 619 4080 2.
657 4039 678 4091 c)
693 4041 761 4080 beate
775 4039 817 4081 02.
849 4039 872 4094 d)
887 4039 948 4081 crist.
964 4039 1018 4088 Ba,-
1032 4038 1215 4088 araiampeaaso
1232 4049 1274 4084 aar.

155 4095 178 4146 e)
193 4099 318 4139 Badslalra
335 4101 376 4139 02.
413 4097 537 4151 osfflictu
553 4101 594 4142 01.
604 4100 624 4141 2.
680 4097 703 4150 g)
719 4099 784 4138 Prott
800 4098 848 4140 Bl.
891 4095 915 4148 h)
933 4093 1043 4149 'clyppsos
1059 4097 1100 4137 1³1
1118 4097 1150 4136 liic
1165 4102 1185 4136 et
1200 4096 1271 4147 infra.

154 4155 173 4208 1)
190 4168 235 4207 que
250 4157 275 4198 ἐπ
288 4159 334 4198 laco
350 4170 402 4198 rara
419 4160 465 4200 Bl.

156 4249 185 4318 1)
205 4251 247 4304 De
275 4253 316 4304 aie
334 4253 438 4306 Relatio
463 4256 479 4306 l.
501 4255 518 4305 l.
612 4255 641 4320 2)
666 4252 775 4306 Smilla.
870 4250 899 4318 3)
925 4251 1001 4303 Iaca.
1095 4251 1126 4316 4)
1144 4249 1275 4316 Badajaz.

156 4323 186 4391 ὅ)
197 4322 341 4391 Sequentia
360 4344 442 4394 usqae
461 4328 498 4379 aal
516 4329 610 4380 cerba:
631 4329 674 4378 hic
695 4329 789 4380 obruta
809 4328 915 4378 casside
930 4327 1013 4378 cassis
1025 4322 1144 4376 uersibus
1155 4321 1276 4384 heroicis,

155 4397 275 4452 aratione
294 4402 381 4452 solata
402 4400 564 4466 intermixta,
585 4399 734 4466 coarmata
753 4408 824 4452 runt.
840 4399 871 4452 P.

1035 4483 1075 4548 16
