3122 4978
270 313 323 364 190
386 307 573 362 ΟΗΒΟΝΙΟΑ
585 307 698 360 REGIA
712 306 965 363 COLONIENSIS.
985 306 1090 360 CON'I'.
1102 308 1143 360 11.
1161 310 1195 360 Δ.
1210 309 1291 359 1213.

269 485 302 541 et
322 475 409 540 circa
428 474 575 540 Rhenum
598 474 662 539 huc
682 474 821 575 illucque
842 473 1006 562 aliquanto
1029 497 1063 539 se
1084 484 1230 560 tempore
1251 484 1385 558 ugens²,

268 559 399 626 tandem
420 562 454 626 in
470 557 646 624 Saxoniam
661 569 805 642 secess1t3
828 559 884 623 ubi
906 569 1101 644 congregato
1120 559 1275 639 exercitu,
1297 559 1386 621 circa

269 654 404 710 estatem
425 653 543 709 terram
564 641 735 730 lantgravii
755 643 860 710 denuo
891 645 899 658 '
963 665 1064 726 essus,
1091 640 1235 724 cedibus,
1262 643 1385 726 rapinis

269 738 301 794 et
326 727 482 792 incendiis
503 725 605 808 villas,
630 728 738 810 urbes,
765 666 1068 793 castellamdbstruxi
1120 738 1153 792 et
1179 726 1266 814 quod
1295 727 1386 790 dictu

268 812 459 894 miserabile,
478 812 590 876 auditu
608 811 749 878 terribile
768 823 825 895 est,
846 833 954 876 sacras
966 813 1063 876 etiam
1075 809 1387 896 virginesviolenter

268 897 309 962 de
331 895 469 962 claustro
499 896 639 982 quodam
660 898 790 978 eiciens,
817 905 958 960 castrum
982 895 1044 960 sibi
1066 897 1255 975 construxit,
1277 894 1386 979 plures

267 983 400 1068 insuper
411 979 563 1046 ecclesias
575 979 671 1044 simili
680 990 765 1046 sorte
778 981 913 1064 perdere
924 1003 990 1044 non
1002 980 1175 1066 pertimuit
1200 978 1386 1044 Fridericus

267 1088 345 1132 vero
365 1087 425 1129 rex
446 1066 481 1128 iu
502 1087 541 1128 su
565 1064 721 1130 erioribus
742 1065 990 1151 circumquaque
1012 1087 1046 1130 se
1067 1063 1203 1129 feliciter
1265 1064 1350 1128 ebat.

352 1148 511 1214 Iohannes
556 1150 736 1214 revirorum
757 1147 864 1212 archie
888 1150 1017 1236 iscopus
1039 1149 1133 1231 obiit3
1157 1149 1209 1213 cui
1223 1087 1386 1228 ditificas,

268 1235 452 1320 prepositus
475 1231 588 1298 Sancti
610 1232 780 1297 Cuniberti
801 1233 835 1296 in
858 1170 1003 1312 bolonia,
1024 1235 1191 1298 successit.

352 1317 511 1382 Iohannes
534 1340 593 1383 rex
614 1315 731 1403 Anglie
752 1338 836 1403 pape
858 1316 1097 1400 reconciliatur,
1119 1317 1205 1382 unde
1226 1326 1294 1381 tam
1314 1315 1386 1400 ipse

292 1422 367 1466 uam
382 1402 486 1465 omnis
506 1411 591 1466 terra
612 1422 670 1466 sua
689 1422 710 1464 a
728 1400 836 1466 banno
851 1400 978 1466 absolvi
997 1411 1030 1466 et
1048 1423 1068 1464 a
1082 1424 1168 1488 papa
1186 1400 1257 1465 loco
1278 1397 1387 1464 dilecti

266 1423 327 1550 ilii
338 1485 400 1550 edo
425 1487 486 1550 tari
497 1495 646 1551 meretur.
691 1553 698 1565 ‚
710 1484 837 1550 Bellum
853 1488 936 1551 inter
945 1485 1157 1550 Ludowicum
1167 1507 1276 1571 regem
1287 1485 1388 1548 Fran·

266 1571 317 1636 cie
340 1580 372 1635 et
404 1568 561 1634 ohannem
581 1592 616 1634 re
640 1592 691 1634 em
707 1568 823 1655 Anglie
840 1569 1051 1652 recrudescit3
1073 1570 1158 1634 unde
1172 1592 1233 1634 rex
1246 1570 1387 1633 Franco-

267 1676 339 1720 rum
368 1654 543 1719 maximam
572 1676 604 1717 m
639 1654 809 1720 titudinem
842 1656 973 1720 navium
1005 1656 1113 1738 parari
1141 1675 1260 1741 easque
1287 1650 1387 1717 rebus

268 1737 429 1820 omnibus,
451 1739 570 1825 quibus
590 1737 632 1802 ad
646 1736 766 1803 bellum
780 1739 828 1803 uti
843 1737 932 1820 solet,
954 1739 1097 1803 onustari
1110 1740 1264 1837 precepit,
1287 1736 1387 1835 uthis

268 1843 358 1887 marc
379 1844 455 1886 cum
476 1823 621 1888 exercitu
642 1823 798 1888 transiens
826 1834 944 1888 terram
968 1821 1088 1908 Anglie
1114 1823 1276 1908 inprov1se
1297 1842 1387 1885 mva-

269 1907 372 1989 deret3
395 1905 452 1973 sed
473 1908 634 1972 exercitus
656 1908 741 1994 regis
756 1906 936 1994 Anglorum
950 1908 1019 1973 eius
1041 1907 1173 1971 insidias
1187 1906 1387 1991 preveniens,
1502 1904 1510 1925 ⁸

268 2001 399 2077 repente
410 1992 540 2077 navigio
555 1992 753 2078 supervenit,
768 2012 868 2056 naves
885 1993 1012 2075 invasit,
1027 1990 1276 2078 quadringentas
1290 1990 1388 2053 etiarn

266 2086 302 2140 et
322 2073 420 2162 paulo
441 2074 549 2160 plures
571 2097 645 2140 cum
668 2077 755 2140 omni
775 2086 934 2162 apparatu
954 2098 1013 2140 suo
1035 2098 1145 2141 secum
1165 2073 1332 2138 abduxit1.

353 2159 525 2226 Heinricus
546 2159 614 2224 dux
636 2159 809 2225 Brabantie
831 2161 1051 2246 Tungrensem
1073 2160 1237 2225 civitatem
1258 2179 1388 2242 aggres-

265 2263 323 2308 sus
344 2246 418 2328 igne
438 2243 597 2325 devastat,
625 2266 720 2331 quem
745 2243 969 2309 recendentem
994 2246 1168 2330 episcopus
1188 2242 1386 2323 Leodiensis,

265 2349 377 2392 comes
410 2326 615 2394 Flandrensis
648 2350 723 2392 cum
756 2329 901 2392 exercitu
930 2329 1075 2410 insecuti,
1107 2326 1196 2413 apud
1225 2327 1387 2391 civitatem

268 2411 442 2477 Landene¹
457 2433 607 2497 magnam
623 2422 762 2496 stragem
781 2411 946 2476 hominum
962 2411 1134 2494 dederunt3
1154 2414 1224 2496 ipse
1238 2412 1296 2476 vix
1310 2410 1387 2495 fuga

267 2493 378 2582 lapsus
400 2497 512 2564 evasit.

353 2579 511 2644 Iohannes
526 2602 584 2644 rex
596 2577 723 2664 Anglie,
739 2578 924 2643 convocatis
939 2580 1029 2645 adse
1044 2580 1254 2666 principibus,
1269 2579 1386 2664 prima·

267 2661 356 2728 tibus
385 2673 417 2728 et
438 2664 549 2748 primis
575 2664 667 2748 regni
688 2665 748 2746 sui,
778 2674 900 2728 secreta
929 2663 1052 2728 consilii
1084 2667 1134 2729 sui
1162 2676 1195 2730 et
1222 2663 1300 2751 quid
1352 2685 1386 2727 er

268 2746 405 2812 multum
437 2760 564 2832 tempus
597 2768 705 2811 secum
739 2757 938 2833 pertractans
971 2747 1194 2831 deliberasset,
1238 2686 1386 2813 omnibus

268 2851 289 2894 a
313 2835 404 2914 eruit,
426 2830 548 2896 scilicet
568 2831 798 2916 profectionem
820 2833 853 2896 in
868 2833 1038 2896 Franciam
1054 2833 1096 2897 ad
1118 2833 1249 2897 iniurias
1271 2855 1290 2896 a
1310 2855 1387 2916 rege

299 2936 469 2980 raucorum
492 2914 553 2980 sibi
576 2914 722 3003 pluribus
744 2916 808 2980 iam
830 2919 922 2980 annis
944 2915 1047 2981 illatas
1070 2916 1279 2997 ulciscendas,
1309 2919 1387 2982 civi·

268 3007 359 3081 tates,
380 2998 488 3081 urbes,
516 2998 645 3066 castella
662 3000 791 3087 aliaque
812 3023 908 3088 quam
930 3000 1068 3087 plurima
1081 3023 1101 3064 a
1114 3002 1180 3065 iam
1202 3002 1288 3066 dicto
1310 3023 1386 3087 rege

266 3084 332 3149 sibi
347 3084 504 3149 violenter
526 3082 642 3166 ablata,
665 3086 724 3150 etsi
745 3106 810 3149 non
830 3108 1028 3172 perpacem,
1050 3097 1211 3171 perarma
1226 3107 1259 3149 se
1274 3086 1385 3170 utique

269 3181 484 3255 recepturum.
528 3169 655 3250 Quibus
678 3169 826 3234 omnibus
847 3169 1084 3256 beneplacitum
1099 3171 1184 3253 regis
1206 3167 1385 3254 approban-

269 3251 367 3332 tibus,
397 3263 428 3318 et
450 3253 482 3316 in
504 3253 537 3318 id
559 3255 670 3318 votiva
698 3254 880 3337 concordia,
909 3255 1052 3318 unanimi
1075 3265 1231 3319 consensu
1260 3251 1385 3350 conspi-
1465 3303 1479 3323 ,

270 3335 429 3416 rantibus,
462 3347 561 3424 utque
589 3337 722 3402 celerius
755 3339 838 3438 ipsa·
854 3339 1016 3424 expeditio
1048 3339 1255 3486 perficeretur
1286 3344 1385 3400 arnus

270 3420 501 3501 insistentibus,
538 3444 605 3502 rex,
639 3422 746 3486 missis
778 3443 1027 3508 circumquaque
1066 3424 1177 3508 egetis,
1210 3424 1385 3486 exercitum

266 3506 438 3592 copiosum
461 3505 606 3587 adunari,
628 3528 727 3570 naves
748 3507 894 3591 ingentes
917 3517 949 3570 et
968 3506 1092 3572 validas
1115 3507 1194 3587 fieri,
1216 3505 1385 3588 frumento,

270 3590 346 3654 vino
370 3590 521 3676 omnique
542 3611 658 3675 genere
681 3591 874 3655 cibariorum
897 3592 1031 3673 onerari,
1054 3592 1275 3672 instrumenta,
1298 3600 1386 3654 uten-

269 3671 351 3755 silia,
372 3695 461 3738 arma
483 3673 603 3737 diversi
624 3675 761 3759 generis,
789 3695 903 3738 aurum
926 3686 958 3740 et
978 3684 1146 3760 argentum
1173 3675 1334 3739 infinitum
1356 3681 1388 3738 et

267 3759 380 3821 omnia
401 3778 464 3843 que
484 3765 575 3821 tanto
601 3759 757 3822 exercitui
787 3757 829 3822 ad
851 3761 869 3823 7
892 3781 992 3825 annos
1014 3758 1065 3824 vel
1091 3759 1229 3844 amplius
1258 3760 1387 3845 copiose

268 3839 454 3906 sufficerent
473 3839 771 3906 habundantissime
792 3844 959 3942 preparari
980 3842 1155 3908 mandavit.

356 3921 431 4010 Ipso
443 3946 525 3990 anno
538 3925 672 4011 contigit
682 3948 733 3990 res
744 3937 819 3991 satis
831 3927 977 3992 miranda
987 3936 1019 3993 et
1032 3927 1104 3993 ideo
1116 3928 1220 4013 magis
1231 3923 1386 4007 miranda,

268 4045 295 4102 ἰ)
312 4046 353 4090 ubl
369 4059 447 4099 coner.
464 4050 527 4090 ettam
543 4051 582 4091 boc
597 4051 642 4091 loeo
658 4052 709 4095 cdd.
725 4053 746 4092 A
756 4054 775 4095 2.

275 4141 302 4211 1)
323 4143 363 4198 De
377 4161 473 4216 pupae
487 4163 573 4214 prope
587 4146 699 4200 Damme
715 4165 801 4201 merrae
814 4149 889 4201 Maio
909 4147 1044 4202 commissu
1064 4150 1160 4217 opiter.
1230 4147 1259 4217 2)
1272 4147 1387 4200 Landen

272 4215 301 4270 lor
320 4217 480 4272 Brabcutio.
520 4217 558 4288 (J.
578 4221 611 4273 de
630 4221 682 4272 bac
692 4239 789 4290 peyna
807 4240 889 4289 prope
907 4223 1017 4290 Steppes
1037 4224 1174 4276 commisso
1188 4221 1298 4275 Reicert'
1315 4221 1387 4274 Aac.

266 4307 299 4360 p.
315 4291 366 4344 667
385 4309 455 4362 etto·
481 4292 512 4346 G.
528 4293 556 4348 S.
578 4293 670 4359 Trud„
690 4293 787 4362 SM,
804 4315 833 4362 p.
847 4297 915 4363 392;
941 4297 969 4350 V.
987 4296 1098 4362 odiliae,
1117 4297 1168 4349 SS.
1180 4297 1268 4362 XXV,
1282 4313 1310 4363 p.
1326 4295 1389 4350 183.
