3122 4978
275 409 461 480 onisorucs
481 430 594 482 suem
616 429 868 484 conomnnsrs.
890 431 994 485 00111.
1012 433 1044 484 1.
1067 433 1145 484 noo.
1223 435 1276 484 149

555 573 874 658 1100011110110111.

155 687 269 754 urbem
291 701 404 755 suama
426 690 572 773 intraret,
602 713 636 755 se
659 692 688 758 ci
711 703 802 756 extra
829 693 933 778 posito
965 694 1072 757 omnia
1093 695 1276 760 necessaria

155 773 431 838 abundantissime
472 775 662 839 rovisurum.
706 775 801 856 Quod
818 789 849 840 et
863 778 946 842 feeit.
992 778 1058 842 Sed
1080 799 1153 842 cum
1175 780 1275 843 nostri

154 860 347 923 necessitate
369 858 434 944 pab
469 860 649 944 ivagantes
669 881 771 944 prope
793 860 905 926 urbem
928 863 1146 944 accessissent,
1168 873 1275 928 motus

156 940 209 1006 ille
232 964 307 1006 suos
329 943 447 1006 armari
464 951 496 1007 et
510 944 556 1006 eis
573 943 703 1008 obviam
718 944 849 1041 procedi
865 945 975 1010 edixit.
1021 944 1168 1046 Cumque
1183 946 1276 1012 multi

157 1025 328 1090 hincinde
359 1025 596 1109 occumberent,
628 1037 729 1091 nostn
759 1050 801 1092 ex
831 1029 963 1094 oonsilio
985 1041 1128 1095 revocati
1148 1051 1275 1117 proces-

157 1121 267 1176 serunt
294 1111 327 1174 in
349 1111 430 1174 fines
452 1111 631 1175 'lurcorum
659 1133 772 1175 versus
800 1111 1017 1176 Laodiciamb·
1030 1127 1051 1178 ¹.
1095 1113 1150 1180 Ibi
1176 1116 1275 1202 impe·

156 1204 243 1259 rator
271 1218 291 1258 a
317 1193 432 1280 legatis
463 1194 587 1259 soldani
613 1197 849 1280 gratantissime
878 1198 971 1283 quasi
997 1197 1039 1262 ad
1066 1198 1219 1264 ducatum
1242 1195 1289 1262 in¹

157 1277 231 1342 dolo
265 1289 435 1365 susceptus
465 1287 522 1343 est.
567 1279 714 1366 Cumque
737 1280 836 1344 Turci
868 1284 1047 1346 exereitum
1081 1285 1148 1349 sine
1181 1284 1275 1348 inter-

156 1364 308 1426 missione
332 1373 426 1428 nocte
448 1363 564 1449 dieque
591 1365 680 1448 impu
727 1375 826 1446 arent,
853 1366 1019 1452 piissimus
1046 1368 1221 1452 imperator
1241 1367 1275 1432 in

154 1445 244 1511 nullo
267 1469 321 1512 eos
343 1447 408 1512 ledi
429 1447 584 1534 permisit,
614 1471 655 1512 ne
698 1447 777 1513 edus
807 1452 932 1537 rupisse
960 1450 1134 1532 videretur,
1172 1450 1275 1516 donec

157 1552 267 1595 eorum
297 1531 421 1596 assultu
447 1543 568 1595 motum
604 1542 715 1597 contra
745 1556 779 1597 se
810 1535 909 1598 sensit
936 1536 1132 1616 exercitum3
1165 1535 1275 1622 sicque

156 1614 285 1679 demum
308 1616 350 1680 ad
371 1615 585 1680 resistendum
613 1617 659 1682 eis
681 1639 713 1681 se
736 1628 768 1682 et
790 1639 864 1681 suos
887 1619 1051 1682 animavit.
1096 1617 1180 1684 Oesa
1201 1627 1276 1684 sunt

56 1738 66 1753 ·
154 1699 201 1764 ibi
222 1699 399 1764 Turcorum
425 1700 528 1764 15400
537 1711 557 1742 ⁰·
569 1711 591 1763 ².
626 1699 817 1766 Occiditur-‘¹
841 1703 936 1767 etiam
966 1702 1013 1766 ibi
1035 1702 1219 1768 Fridericus
1234 1703 1275 1768 do

155 1779 277 1864 Hirsen,
311 1785 362 1847 vir
394 1783 516 1871 probus
543 1794 576 1848 et
603 1783 729 1865 nobilis,
763 1785 818 1871 qui
848 1788 997 1871 egregiae
1027 1785 1131 1851 laudis
1161 1799 1192 1852 et
1220 1787 1275 1851 ho-

154 1869 288 1932 nestatis
325 1891 383 1954 pre
420 1865 570 1931 omnibus
605 1867 659 1931 illo
692 1869 726 1930 in
758 1879 903 1956 tempore
934 1892 1051 1934 nomen
1077 1879 1274 1956 acceperat³.

157 1952 223 2032 Qui
245 1952 320 2016 dum
342 1954 376 2015 in
391 1952 515 2016 'lurcos
529 1952 663 2016 viriliter
678 1952 837 2018 deseviret
851 1977 1014 2041 unumque
1037 1977 1078 2018 ex
1101 1957 1147 2020 eis
1168 1956 1275 2019 acrius

156 2038 387 2122 insequeretur,
403 2059 503 2122 equus
519 2037 587 2100 eius
609 2036 765 2102 fossatum
787 2037 968 2102 transiliens
991 2039 1118 2121 cecidit,
1140 2039 1275 2124 ipseque

157 2120 357 2208 subsequens
389 2123 482 2184 ruina
511 2121 679 2205 expiravit.
734 2121 841 2207 Super
873 2123 962 2186 ouius
996 2134 1099 2187 morte
1126 2131 1216 2186 tanta
1241 2125 1275 2186 in

158 2205 271 2269 castris
294 2216 364 2269 orta
386 2215 433 2268 est
461 2205 616 2286 mesticia,
648 2204 755 2291 quod⁰
787 2207 907 2270 omissa
935 2228 1048 2306 pugna
1075 2227 1184 2270 omnes
1212 2205 1274 2270 ela·

157 2311 279 2353 morem
296 2288 446 2354 bellicum
462 2299 666 2353 mutaverunt
683 2291 717 2352 in
732 2311 846 2354 vocem
861 2288 1017 2356 flentium.
1062 2289 1145 2354 Cum
1165 2300 1273 2354 autem

156 2373 231 2438 inde
253 2373 404 2459 progredi
425 2372 552 2454 vellent,
575 2373 673 2436 Turci
696 2375 756 2439 iter
786 2396 896 2439 eorum
924 2397 1024 2461 prope
1046 2383 1198 2438 montana
1219 2395 1273 2438 ex·

154 2456 327 2543 plorantes,
357 2479 469 2521 currus
498 2455 610 2544 plenos
630 2456 791 2542 lapidibus
814 2467 1048 2540 exstruxerant,
1077 2480 1157 2546 quos
1179 2481 1198 2522 a
1220 2457 1273 2522 de-

155 2564 239 2612 vexo
268 2540 507 2606 transeuntibus
535 2541 673 2627 desuper
701 2543 906 2607 inmitterent.
949 2543 1069 2607 Verum
1096 2552 1176 2606 nutu
1197 2541 1273 2624 Dei,

156 2625 217 2690 sub
240 2629 332 2690 ouius
355 2625 477 2690 alarum
499 2627 638 2710 tegmine
662 2626 843 2712 sperabant,
874 2627 937 2690 duo
960 2628 1060 2690 Turei
1082 2628 1167 2712 eapti
1189 2634 1273 2708 sunt,

155 2731 293 2796 quorum
319 2731 384 2774 uno
414 2713 482 2774 sine
512 2708 739 2775 deliberatione
773 2711 888 2793 occiso,
925 2708 1003 2776 alter
1037 2709 1096 2774 sub
1124 2711 1272 2796 pactione

153 2795 239 2858 vitae
260 2793 418 2879 promisit,
441 2817 475 2860 se
503 2793 616 2859 ducem
640 2816 749 2860 eorum
776 2795 860 2877 fore;
890 2793 1048 2880 duxitque
1075 2795 1146 2860 eosf
1174 2795 1272 2860 infide

153 2901 213 2964 per
234 2889 375 2943 montem
397 2878 568 2943 habentem
590 2881 651 2942 tria
680 2877 769 2943 milia
797 2882 831 2943 in
860 2878 971 2943 altum.
1015 2879 1107 2943 Multi
1135 2879 1181 2943 ibi
1207 2901 1272 2944 non

154 2961 257 3026 solum
279 2963 435 3044 homines,
457 2961 514 3026 sed
537 2973 568 3025 et
589 2963 663 3049 equi
684 2963 782 3027 fortes
798 2965 930 3028 sarcinis
946 2973 978 3027 et
992 2973 1063 3027 estu
1078 2963 1271 3044 defecerunt,

155 3045 272 3134 quibus
296 3057 403 3110 tamen
430 3048 514 3132 ipsis
540 3046 581 3110 ob
610 3048 778 3131 penuriam
805 3048 992 3112 victualium
1022 3048 1055 3110 in
1085 3047 1194 3112 cibum
1220 3049 1272 3112 usi

155 3140 238 3194 sunt.
282 3131 431 3195 Transito
460 3139 578 3208 monte,
611 3140 768 3195 venerunt
797 3134 831 3194 in
863 3131 1033 3218 planiciem
1088 3132 1208 3195 ramine
1241 3141 1273 3196 et

153 3237 238 3300 aqua
259 3214 440 3294 fecundam,
463 3213 519 3279 ubi
541 3213 583 3277 ad
597 3213 762 3278 modicum
782 3216 918 3279 recreati
933 3224 1015 3280 sunt.
1092 3227 1272 3280 ecrescente

153 3309 261 3363 autem
277 3298 673 3363 11101111110111οΤ11100111111
688 3298 941 3385 incomparabili,
960 3299 1108 3362 1100111111
1123 3300 1272 3362 summoh

153 3392 244 3448 erant
275 3384 370 3470 positi
406 3383 598 3462 discrimine,
632 3405 670 3446 eo
700 3383 787 3468 quod
815 3393 882 3446 tam
909 3380 1014 3446 calore
1042 3403 1138 3467 quam
1161 3379 1271 3447 labore

153 3466 346 3549 defecerant,
382 3487 442 3530 neo
465 3479 532 3530 erat
552 3465 697 3552 aliquodi
720 3466 855 3553 periculi
881 3465 1044 3550 effugium,
1085 3465 1182 3550 quial
1212 3466 1273 3532 iter

153 3573 265 3615 eorum
288 3563 323 3617 ut
344 3551 487 3617 locustae
509 3549 709 3616 obsederant.
753 3550 806 3616 Ibi
827 3550 923 3648 legati
954 3549 1069 3614 soltani
1090 3547 1207 3634 perfidi
1228 3549 1271 3615 ad

153 3635 277 3699 'lurcos
303 3635 513 3720 refugerunt¹,
551 3634 693 3699 abducto
725 3655 835 3700 secum
864 3645 1037 3720 mterprete
1069 3635 1270 3719 imperatoris

151 3721 281 3784 nomine
304 3719 491 3784 Godefrido.
534 3719 643 3784 Nostri
665 3741 742 3784 vero
764 3716 986 3800 deliberantes,
1020 3718 1096 3805 quid
1105 3731 1125 3760 ¹¹¹
1153 3718 1186 3780 in
1209 3719 1271 3784 hoc

176 3802 332 3868 ericuloso
355 3803 539 3868 discrimine
571 3803 705 3902 aggredi
733 3812 874 3889 possent,
897 3849 937 3858 -
960 3825 998 3868 eo
1028 3802 1114 3890 quod
1148 3801 1270 3866 nudlum

150 3826 322 3973 diffugium
344 3897 476 3974 pateret,
507 3889 534 3950 si
562 3897 658 3952 etiam
678 3887 740 3952 hoc
761 3889 869 3974 ipsum
898 3889 1005 3952 animo
1027 3887 1208 3970 insedisset,
1231 3925 1269 3935 -

150 4049 303 4103 0)(1000100.
349 4049 594 4104 b)LaodociamBl.
636 4049 657 4101 1)
676 4051 809 4093 1000002.
853 4050 1073 4103 (0000100011.
1120 4047 1272 4102 0)(1000102.

150 4108 333 4160 0100011110.
396 4108 420 4162 g)
436 4111 491 4150 110001
507 4111 548 4152 ot.
602 4108 627 4162 h)
643 4121 740 4160 sompno
758 4111 794 4150 Β1
811 4110 869 4162 (post
884 4121 942 4150 corr.
959 4109 1065 4160 summo).
1082 4111 1126 4151 01.
1145 4111 1157 4149 2
1175 4109 1210 4161 (m.
1226 4119 1269 4150 rec.

77 4189 82 4198 ·
149 4181 207 4211 corr.
230 4169 336 4220 summo).
414 4168 432 4221 1)
449 4171 540 4219 aliquot
560 4170 610 4211 Bt.
693 4170 940 4223 0011111011.
1021 4167 1039 4220 l)
1055 4169 1206 4218 perfugarum
1226 4169 1271 4210 01.

150 4227 184 4280 m)
200 4230 261 4276 quod
278 4231 323 4270 01.

153 4359 181 4424 1)
201 4360 245 4412 Ad
263 4360 378 4428 Lycum,
399 4361 473 4414 onius
493 4362 589 4412 rainae
604 4376 690 4427 prope
709 4360 845 4427 Denialey.
865 4359 922 4413 PL.
982 4358 1011 4426 2)
1031 4357 1087 4410 Alit
1105 4359 1138 4410 de
1158 4359 1273 4411 000001

151 4434 206 4484 300
233 4441 334 4487 tantum
354 4435 454 4488 dicarat.
529 4436 559 4503 3)
579 4434 670 4486 Etiam
690 4431 851 4485 carminibus
870 4434 978 4486 celeber.
