3098 4982
242 369 430 422 CHRONICA
448 368 563 420 REGIA
584 369 835 422 COLONIENSIS.
857 370 961 422 ΟΟΝΤ.
970 371 1022 423 ΙΙΙ.
1043 371 1074 424 A.
1088 371 1167 424 1218.
1230 373 1285 424 24⁷

559 541 726 594 Reccnrio
746 542 770 594 Ι.
789 551 818 596 et
837 543 880 596 ΙΙ.

164 636 309 702 occupavit
327 636 465 698 incautos;
485 633 614 684 natabant
632 635 756 696 tentoria,
780 637 917 700 perierunt
936 636 1054 702 cybaria,
1080 643 1107 688 et
1126 639 1178 688 nisi
1197 638 1282 689 fossa·
1296 648 1354 692 olto.

164 716 220 761 tum
239 705 423 775 [extitisset⁸],
450 707 521 774 quod
548 706 586 758 ad
611 706 832 758 muniendum
858 725 891 760 se
917 709 1046 773 fecerant,
1073 711 1195 761 homines
1222 725 1283 762 cum

162 782 297 845 iumentis,
316 797 400 832 naves
420 797 480 833 cum
499 782 580 832 armis
606 788 633 832 et
651 781 814 832 victualibus
841 783 1002 834 detraxisset
1025 783 1060 834 ad
1086 785 1187 836 hostes.
1223 783 1283 835 Nec

162 861 253 907 tamen
272 855 324 905 hoc
343 855 491 920 periculum
506 860 648 905 evaserunt
662 860 776 919 quatuor
789 851 955 917 cocconesl’,
969 873 1049 924 super
1069 873 1136 923 quoe
1157 855 1284 908 edificata

161 930 267 980 fuerant
291 927 495 994 propugnacula
519 927 554 976 ad
584 927 744 994 capiendam
770 929 916 991 civitatem,
945 931 992 996 qui
1014 946 1068 981 nno
1094 933 1196 996 impetu
1221 945 1283 981 cum

163 1004 256 1068 quinta
274 1003 347 1064 navi,
368 1017 437 1067 quae
457 1003 528 1051 inter
548 1015 594 1052 eos
613 1001 732 1064 herebat,
752 1001 787 1051 ad
814 1003 963 1069 oppositam
987 1005 1072 1069 ripam
1096 1006 1123 1054 vi
1144 1009 1284 1056 ventorum

161 1076 325 1142 precipitati,
351 1081 413 1125 ante
433 1074 525 1126 oculos
545 1090 636 1125 eornm
656 1080 717 1125 sunt
736 1076 799 1140 igne
820 1075 907 1127 Greco
928 1076 1060 1128 conbusti.
1099 1077 1164 1130 Post
1183 1076 1284 1128 dictam

161 1153 348 1215 tempestatem
363 1163 446 1199 naves
465 1149 631 1214 parabantur
650 1147 684 1197 ad
704 1149 844 1198 transitum
863 1150 992 1211 fluminis;
1014 1166 1083 1216 quae
1105 1165 1165 1200 cum
1185 1166 1283 1214 magno

159 1221 279 1290 periculo
293 1238 397 1273 sursum
410 1221 595 1284 ascendentes,
611 1223 681 1271 inter
695 1223 850 1272 civitatem⁰
867 1228 894 1272 et
907 1224 1000 1273 turrim
1015 1231 1121 1290 captam
1135 1218 1284 1274 machinisd

161 1301 188 1346 et
211 1296 275 1360 igne
300 1296 387 1347 Greco
411 1300 438 1345 et
461 1295 558 1346 iaculis
582 1293 723 1362 plurimum
748 1301 810 1345 sunt
826 1296 974 1362 inpeditae.
1017 1297 1095 1348 Unde
1121 1297 1231 1357 accidit,
1254 1300 1286 1348 ut

159 1383 213 1420 una
232 1370 309 1420 navis
327 1367 538 1434 Templariorum
558 1371 586 1417 vi
604 1370 730 1419 torrentis
749 1374 856 1433 raptae,
875 1385 958 1436 prope
976 1371 1061 1436 ripam
1088 1371 1204 1420 civitatis
1224 1361 1285 1435 pre-⁵

160 1433 317 1509 cipitarstur
341 1441 376 1491 ad
403 1442 506 1506 bostes;
527 1443 652 1507 quicum
671 1442 791 1492 barbatis
811 1447 932 1493 etuncis
951 1443 1045 1494 ferreis
1067 1444 1286 1510 inpugnaverunt

159 1532 220 1566 eam
232 1515 340 1578 diutius,
353 1517 443 1580 ignem
459 1516 572 1566 Grecnm
588 1530 647 1565 cnm
660 1515 796 1581 lapidibus
810 1514 927 1581 desuper
939 1518 1101 1582 proicientes
1113 1516 1146 1566 de
1156 1516 1285 1568 turribus.

158 1591 195 1640 ut
214 1605 274 1640 cum
294 1590 333 1644 sic
353 1588 491 1654 prevalere
505 1604 559 1638 non
570 1594 682 1654 possent
693 1593 801 1655 propter
814 1588 984 1640 defensorum
1001 1590 1147 1650 audatiam,
1162 1590 1284 1640 certatim

158 1678 254 1713 navem
274 1662 460 1726 ascendentes,
480 1663 624 1727 precipites
649 1663 677 1712 in
707 1656 786 1712 earnr
810 1660 1027 1714 descenderuntt
1052 1665 1088 1715 ad
1107 1663 1284 1729 Templarios.

159 1735 248 1799 Unde,
268 1751 328 1786 cum
348 1735 447 1788 diutius
466 1740 637 1801 pugnaretur,
656 1735 764 1785 tandem
785 1738 862 1786 navis
880 1738 1023 1802 perforata,
1044 1739 1100 1788 sive
1114 1736 1148 1786 ab
1162 1735 1283 1787 hostibus

158 1810 216 1860 sive
236 1824 253 1859 a
271 1808 402 1859 fidelib
414 1825 450 1859 us
470 1810 600 1859 incertum
622 1813 670 1868 est,
689 1808 850 1874 profundum
863 1811 950 1874 petiit,
963 1810 1138 1874 submergens
1148 1809 1283 1874 Egyptios

160 1899 220 1933 cum
246 1882 406 1945 christianis,
435 1881 504 1932 adeo
529 1888 559 1932 ut
587 1882 632 1931 vix
660 1883 799 1932 summitas
828 1882 892 1932 mali
917 1888 1059 1948 appareret
1083 1898 1164 1949 super
1188 1898 1283 1947 aquas.

158 1955 264 2006 Exinde
278 1961 387 2022 pontem
404 1954 524 2006 hostes
537 1960 701 2021 reparantes,
715 1960 866 2020 aperturam
880 1955 949 2005 adeo
959 1954 1124 2021 reliquerunt
1133 1963 1284 2021 angustam,

159 2035 188 2080 ut
206 2045 290 2080 naves
308 2028 471 2079 fidelium
492 2030 549 2078 sine
569 2028 689 2094 periculo
709 2029 821 2078 transire
841 2044 893 2078 non
919 2035 1037 2095 possent.
1081 2028 1175 2080 Unde
1194 2029 1283 2079 Theu-

158 2103 242 2153 tcnici
269 2097 316 2152 eth
342 2096 488 2153 Frcsonesi
514 2101 656 2166 indignati,
684 2100 855 2152 auxiliante
875 2103 944 2152 Deo
970 2109 1078 2168 pontem
1104 2102 1217 2152 viriliter
1242 2102 1284 2151 in-

158 2181 293 2226 vaserunt.
332 2177 477 2226 Pauciores
497 2182 585 2225 autern
604 2177 655 2225 viri
675 2190 754 2240 quam
775 2175 868 2224 decem
889 2174 922 2224 de
942 2181 1024 2240 gente
1043 2175 1166 2241 predicta
1191 2181 1284 2225 contra

158 2265 264 2299 omnem
283 2248 466 2299 fortitudinem
485 2248 686 2299 Babiloniorum
713 2252 821 2314 pontem
846 2249 1032 2308 ascendentes,
1056 2249 1193 2312 fregerunt
1218 2263 1282 2298 eun·

159 2321 229 2386 dem,
250 2327 277 2372 et
295 2323 335 2372 sic
355 2337 414 2372 curn
436 2328 549 2388 quatuor
567 2323 689 2384 navibus,
708 2337 789 2387 super
802 2337 867 2386 quas
882 2338 948 2387 pons
962 2329 1019 2371 erat
1033 2321 1168 2384 fundatus,
1181 2322 1283 2372 reversi

157 2401 219 2447 sunt
239 2412 297 2446 cum
319 2396 461 2462 triumpho,
481 2396 593 2445 liberam
612 2397 683 2445 viarn
698 2401 725 2445 et
737 2400 858 2460 apertam
872 2410 975 2446 aureum
988 2393 1187 2445 velificantibns
1200 2394 1281 2444 relin-

158 2475 280 2536 quentes.
318 2471 368 2520 His
388 2470 426 2520 ita
445 2470 538 2535 gestis,
558 2470 700 2520 sarraceni
719 2468 866 2535 periculum
887 2468 959 2534 quod
973 2469 1011 2519 eis
1025 2469 1182 2518 imminebat
1195 2473 1281 2518 atten-

156 2542 261 2604 dentes,
281 2544 367 2608 ripam
387 2544 426 2592 eis
445 2544 594 2608 oppositam
614 2543 722 2593 fossatis
743 2547 769 2592 et
788 2542 916 2607 argillosa
930 2543 1041 2592 materia
1055 2557 1114 2592 cnm
1129 2556 1282 2608 propugna-

158 2614 226 2665 culis
251 2615 348 2679 ligneis
374 2615 436 2665 altis
461 2617 620 2678 munierunt,
646 2616 785 2666 machinas
811 2621 838 2665 et
860 2617 992 2682 petrarias
1022 2614 1143 2665 locantes
1171 2614 1282 2665 ibidem.

157 2689 210 2738 Per
228 2689 336 2738 fluvium
357 2695 446 2738 autem
465 2691 572 2740 navium
594 2684 778 2739 emersionesk
797 2689 918 2739 fecerunt
943 2705 1004 2738 cum
1026 2689 1096 2754 palis
1114 2685 1203 2738 infixis
1218 2704 1282 2752 gur·

156 2762 217 2824 giti,
242 2761 400 2811 transeundi
426 2762 464 2811 eis
489 2779 563 2827 spem
591 2762 751 2812 auferentes.
788 2762 985 2813 Nicbilominus
1011 2763 1179 2828 apostolicae
1205 2761 1281 2812 sedis

157 2833 264 2899 legatus
284 2834 447 2884 desiderium
466 2835 564 2885 bonum
590 2835 692 2886 habens
718 2835 860 2886 obsidendi
881 2837 1027 2896 civitatem,
1053 2851 1136 2886 naves
1160 2836 1282 2900 superins

158 2912 338 2972 congregatas
363 2907 478 2972 urgebat
505 2908 540 2956 ad
566 2909 715 2958 transitum.
758 2908 837 2959 Unde
863 2924 995 2960 coccones
1020 2908 1229 2975 propugnaculis
1256 2912 1284 2957 et

158 2979 315 3043 castellulis,
334 2981 398 3030 viris
423 2981 486 3030 etim
513 2982 621 3030 armatis
649 2981 754 3041 muniti,
782 2981 889 3031 Christo
914 2983 983 3032 duce
1009 2983 1147 3048 predictas
1173 2982 1282 3031 navium

158 3047 344 3104 emersionosk
370 3059 522 3104 evaserunt.
571 3054 671 3104 Hostes
696 3069 760 3103 vero
791 3053 958 3105 dissimulato
986 3060 1059 3105 metu
1088 3060 1142 3105 tres
1174 3054 1283 3115 ordines

157 3133 320 3178 armatorum
339 3122 461 3177 stationil
481 3131 728 3192 contraposuerunt,
741 3127 840 3177 ictibus
853 3127 973 3192 lapidum
988 3132 1015 3177 et
1027 3127 1142 3178 telorum
1158 3127 1281 3192 plurimis

160 3217 206 3252 eos
219 3207 358 3251 vexantes.
377 3200 448 3251 Sane
462 3206 541 3250 nocte
558 3205 669 3250 sanctae
682 3199 806 3264 Agatbae
819 3201 931 3264 virginis
941 3200 1016 3250 Deus
1029 3202 1161 3250 innovans
1174 3201 1281 3250 virtutis
1291 3209 1384 3252 Ferro.

158 3291 224 3326 suae
244 3273 382 3336 miracula,
402 3280 504 3324 tantum
525 3288 650 3339 pavorem
670 3273 782 3323 soldano
794 3273 959 3338 Babylonis¹
983 3278 1010 3323 et
1028 3274 1142 3339 satrapis
1163 3273 1221 3323 eius
1240 3274 1281 3322 in·

160 3350 250 3414 cussit,
269 3354 307 3410 ut,
321 3348 422 3398 relictis
443 3347 545 3407 castris,
565 3346 752 3410 ignorantibus
769 3347 849 3396 etiam
860 3346 994 3412 Egyptiis,
1015 3361 1081 3410 quos
1101 3345 1135 3394 ad
1155 3347 1281 3396 resisten-

159 3421 222 3471 dum
248 3421 427 3480 ordinaverat,
453 3422 480 3470 in
509 3420 568 3470 sola
591 3421 656 3484 fuga
680 3436 755 3486 spem
781 3425 903 3485 poneret.
947 3418 1061 3480 Quidam
1082 3422 1215 3484 apostata,
1236 3418 1282 3482 qni

159 3494 242 3544 multo
261 3500 381 3560 ternpore
394 3493 483 3559 legem
498 3495 702 3544 christianorum
715 3498 895 3558 transgressus
910 3508 969 3542 cum
984 3491 1096 3542 soldano
1110 3491 1281 3551 militaverat,

159 3572 233 3618 stans
246 3569 302 3616 inm
316 3569 374 3633 ripa
388 3567 524 3617 clamabat
533 3566 660 3636 Gallicen
672 3566 772 3631 legato,
786 3567 861 3631 regi
881 3572 913 3616 et
931 3565 1015 3616 aliia
1034 3566 1148 3630 lugam
1168 3579 1282 3615 eorum

159 3641 337 3691 nuntians.
389 3642 483 3707 ltaque
509 3640 673 3705 fugientibus
697 3640 831 3705 Egyptiis,
861 3639 1074 3690 christiani⁰
1101 3639 1223 3688 certatim
1255 3642 1283 3688 et

159 3712 286 3763 alacriter
305 3714 408 3779 absque
428 3715 501 3764 omni
519 3714 714 3780 impedimento
734 3713 849 3764 hostiurn
864 3718 891 3764 et
904 3713 1043 3777 sanguinis
1062 3713 1176 3778 inpensa
1195 3716 1282 3762 trans·

159 3787 261 3850 ierunt;
288 3792 315 3837 et
329 3789 369 3838 sic
395 3804 443 3853 per
467 3803 561 3859 gyrum
589 3802 630 3836 ac
654 3786 765 3837 firmiter
792 3788 903 3837 obsessa
922 3790 964 3837 est
983 3788 1088 3837 civitas.
1132 3785 1284 3851 Direpta

160 3865 239 3910 sunt
249 3861 328 3910 etiam
342 3861 500 3925 fugientium
513 3862 629 3911 tentoria
642 3866 669 3910 et
682 3860 822 3911 universae
835 3876 918 3910 naves
932 3875 992 3910 cnm
1005 3860 1168 3926 plurimis
1179 3858 1283 3925 spoliis.

160 3933 243 3984 Post
254 3933 316 3984 hec
329 3933 490 3984 adveniente
502 3933 658 3985 coracinor
668 3949 733 3998 rege
747 3949 806 3984 curn
817 3933 939 4000 Alapinis
953 3940 980 3984 et
992 3949 1091 3999 magna
1103 3931 1283 3996 multitudine,

160 4041 183 4093 a)
201 4044 316 4084 extitisset
330 4043 435 4092 supplevit
450 4043 487 4093 P.;
503 4044 558 4082 deest
572 4044 597 4082 la
611 4043 684 4094 00de
700 4043 746 4082 nlsl
762 4068 768 4080 .
785 4073 790 4083 .
807 4047 862 4083 ante
876 4044 994 4092 provisum
1009 4043 1090 4082 fnisset
1104 4042 1129 4081 in
1146 4041 1232 4081 fossato
1250 4039 1283 4081 Ol.

160 4100 184 4152 b)
209 4113 324 4151 coggones
348 4103 389 4144 01.
483 4100 504 4153 c)
529 4103 572 4144 civ.
596 4104 621 4142 to
643 4102 740 4151 maraine
762 4103 834 4141 eadem
856 4113 923 4142 mona
944 4103 1016 4151 suppl.
1033 4102 1053 4142 B
1066 4104 1086 4151 1,
1110 4101 1148 4140 ubi
1173 4103 1197 4140 et
1219 4099 1282 4140 deut

159 4160 184 4212 d)
200 4162 314 4202 machinis
330 4165 354 4201 et
368 4162 410 4203 dcc.
428 4162 470 4203 01.
487 4163 508 4204 t,
570 4162 592 4212 e)
608 4163 660 4211 ripa
675 4162 715 4202 01.
735 4162 754 4202 2.
814 4159 881 4211 fleas
896 4173 954 4202 corr.
971 4171 1022 4200 earn
1038 4160 1087 4200 131.
1149 4156 1172 4209 g)
1190 4159 1284 4198 descen·

160 4223 242 4261 dentes
257 4221 317 4262 codd.
383 4219 407 4271 b)
424 4222 479 4261 deest
495 4221 538 4262 01.
599 4221 617 4269 1)
633 4221 742 4260 Frlsones
759 4220 801 4260 01.
820 4221 840 4261 2,
908 4218 933 4270 k)
950 4221 1045 4261 inmens.
1063 4219 1094 4258 Ol.
1154 4214 1171 4269 l)
1188 4217 1283 4257 navium

160 4285 291 4320 nostrarum
306 4281 355 4321 add.
374 4279 405 4325 01,
466 4280 499 4332 m)
515 4281 570 4321 decet
585 4281 626 4322 02.
687 4277 711 4330 n)
727 4279 752 4319 ia
767 4279 864 4330 margine
878 4279 1007 4329 suppum.
1068 4275 1091 4328 o)
1109 4275 1194 4317 christi
1210 4274 1283 4316 (11.1.

160 4336 185 4389 p)
203 4339 319 4380 Gorodino
336 4341 378 4381 01.
710 4332 714 4340 ’

162 4431 191 4500 1)
212 4433 302 4486 Melet
321 4437 351 4486 cl
368 4435 472 4488 Komoi.
