3098 4982
300 391 357 441 att
433 387 621 441 CHRONIOA
638 386 751 438 REGIA
772 384 1024 438 COLONIENSIS.
1045 383 1147 437 GONT.
1159 384 1192 437 V.
1211 385 1244 436 A.
1258 383 1336 436 1239.

303 556 522 642 recipiendum
552 552 749 619 sollicitando
782 573 890 636 regem
917 552 1145 622 Francorum1.
1194 553 1284 636 Rege
1312 559 1429 616 autem

302 642 503 706 Francorum
525 639 585 703 hoc
606 647 784 718 recusante,
813 636 937 722 legatus
959 635 1104 700 similiter
1126 634 1307 701 sollicitavit
1328 657 1431 722 quos-

306 725 381 790 dam
404 723 483 788 alios
505 745 597 808 reges
619 731 651 786 et
673 722 847 807 principes3
871 721 927 806 qui
950 742 1069 802 omncs,
1093 719 1225 784 consilio
1249 741 1322 784 cum
1344 718 1429 784 deli·

305 809 470 874 beratione
499 807 619 888 habito,
641 828 700 892 pre
731 805 993 889 magnanimitate
1014 805 1216 890 imperatoris
1242 803 1303 868 hoc
1333 826 1430 869 recu-

306 903 446 958 sarunt&
479 889 563 955 Ante
581 890 641 954 hoc
655 900 782 974 tempus
797 889 927 952 miserat
938 909 1026 1034 papa
1042 889 1253 973 magistruml
1270 888 1429 953 Ottonem

308 977 491 1063 dyaconum
514 973 709 1038 cardinalem
732 972 840 1038 Sancti
856 971 937 1036 Nico
949 973 981 1035 ai
1002 973 1035 1034 in
1058 972 1195 1037 Carcere
1218 971 1365 1036 Tulliano
1390 973 1428 1035 in

305 1060 458 1145 Angliam
490 1059 532 1123 ad
567 1057 653 1122 idem
688 1057 854 1142 negotium
887 1055 1024 1142 quadam
1057 1058 1264 1142 preventione
1296 1077 1427 1142 promo-

305 1144 461 1226 vendum;
485 1144 541 1228 qui
564 1141 733 1206 cardinalis
755 1141 911 1204 infinitam
935 1140 1105 1226 pecuniam
1122 1141 1301 1226 apersonis
1323 1139 1426 1206 eccle-

307 1229 443 1293 siasticis
477 1239 508 1290 ct
540 1225 762 1291 claustralibus
799 1223 956 1288 subtiliter
987 1225 1163 1310 expetitam
1196 1234 1228 1290 et
1260 1224 1425 1289 obtentam

306 1312 491 1398 reportavit.
514 1311 596 1375 Item
607 1331 704 1396 papa,
723 1310 820 1373 misso
834 1306 1089 1389 Suenebaldorc,
1105 1309 1220 1373 avertit
1234 1309 1426 1373 Ravennam

307 1397 349 1460 ab
372 1397 573 1481 imperatore,
617 1393 757 1458 nondam
780 1393 830 1458 ei‘l
846 1390 1074 1457 fidelissimam.
1104 1392 1284 1478 Imperator
1305 1404 1425 1474 autem,

307 1481 414 1544 missis
442 1477 555 1543 litteris
584 1416 626 1541 ab
660 1498 769 1542 omnes
799 1474 948 1541 ecelesias
976 1475 1172 1541 cathedrales
1201 1487 1233 1541 et
1259 1476 1301 1541 ad
1329 1499 1424 1562 reges

308 1564 497 1629 christianos
507 1572 529 1643 ³,
552 1560 678 1647 allegat,
701 1584 733 1625 se
755 1562 873 1626 iniuste
894 1583 914 1624 a
935 1582 1022 1646 papa
1044 1563 1365 1626 excommunicatum.

391 1647 488 1733 Ipso0
514 1668 598 1710 anno
627 1643 1019 1710 Conradus0010nicnsis
1046 1643 1165 1710 electus
1193 1646 1425 1710 dissensionem

307 1733 408 1797 movit
429 1740 539 1794 contra
561 1730 730 1795 comitem⁴
747 1729 942 1795 Seinensem.
987 1728 1052 1809 Qui
1074 1751 1182 1794 comes
1204 1751 1276 1794 cum
1299 1752 1340 1794 ex
1361 1727 1427 1794 alia

308 1818 379 1901 ripa
406 1814 509 1880 Rheni
538 1815 680 1878 exercitu
708 1814 847 1879 adunato
877 1813 1037 1878 inhiberet
1064 1815 1233 1879 transitum
1260 1813 1363 1878 Rheni
1390 1815 1426 1878 in

308 1911 425 1965 terram
448 1921 539 1962 suam
553 1897 653 1963 electo
670 1897 852 1964 Coloniensi
873 1898 961 1985 apud
975 1897 1122 1962 Bonnam
1137 1900 1315 1981 constituto,
1339 1898 1426 1963 cives

311 1983 520 2050 Colonienses
548 2004 620 2045 cum
654 1981 761 2047 multis
793 1981 931 2047 navibus
964 1983 1094 2046 armatis
1127 1992 1159 2046 et
1190 1983 1353 2070 apparatis
1389 1983 1425 2046 in

311 2067 489 2132 subsidium
509 2065 601 2130 electi
616 2066 761 2130 Bonnam
777 2065 920 2132 celeriter
939 2065 1123 2148 adveniunt,
1139 2077 1272 2153 propter
1286 2089 1426 2154 quorum

310 2152 483 2217 adventum
505 2152 705 2237 inopinatum
724 2161 837 2215 exorta
857 2173 973 2236 guerra
994 2172 1067 2214 cum
1090 2150 1210 2216 honore
1232 2150 1325 2216 electi
1346 2162 1426 2216 tunc

311 2238 464 2323 temporis
486 2236 616 2320 quievit.
660 2235 775 2298 Paucis
798 2234 911 2301 diebus
933 2235 1128 2321 interpositis
1150 2257 1224 2299 cum
1247 2234 1372 2300 cautela
1394 2245 1428 2300 et

311 2320 562 2384 dissimulatione
597 2318 717 2383 electus
753 2318 914 2382 Romam⁵
950 2319 1179 2403 proficiscitur,
1239 2321 1327 2383 aucis
1362 2318 1427 2384 hoc

312 2402 498 2485 scientibus,
520 2416 552 2468 et
572 2403 618 2468 ihi
639 2425 659 2466 a
704 2423 767 2489 apa
790 2403 996 2467 confirmatus
1019 2412 1142 2468 etcum
1157 2342 1329 2469 Widrelmo
1344 2402 1426 2469 Leo-

311 2488 414 2553 dicnsi
434 2487 593 2573 postulato
615 2425 761 2550 similiter
783 2485 968 2550 confirmato
990 2508 1099 2552 mense
1119 2488 1211 2552 Iunio
1232 2489 1273 2553 ad
1287 2489 1427 2575 patriam

311 2581 440 2641 remeat.
500 2569 683 2636 Rebellione
720 2578 827 2634 autem
864 2569 1017 2635 nobilimn
1052 2582 1137 2636 terre
1173 2581 1282 2637 contra
1318 2573 1427 2658 ipsum

313 2655 449 2722 electum
471 2654 654 2739 pullulante,
683 2653 769 2719 idem
796 2651 914 2718 electus
936 2665 1076 2719 castrum
1098 2656 1271 2739 Tuitiense,
1300 2657 1427 2721 civibus

314 2737 557 2805 Coloniensibus
578 2740 688 2823 ipsum
709 2737 1125 2819 adiuvantibus0,vi1iliter
1147 2751 1292 2827 occupat,
1315 2752 1346 2807 et
1368 2763 1430 2828 per

314 2825 395 2889 duas
421 2843 555 2908 magnas
586 2843 685 2886 naves
717 2845 812 2909 opere
841 2822 980 2888 mirabili
1010 2845 1083 2888 cum
1115 2824 1365 2911 propugnaculis
1395 2834 1430 2890 et

312 2905 463 2995 pontibus
485 2916 669 2992 preparatas
691 2916 792 2971 turres
815 2909 937 2973 comitis
953 2909 992 2974 de
1006 2908 1116 2973 Monte
1139 2910 1226 2995 capit
1247 2918 1278 2974 et
1300 2907 1398 2974 diruit
1406 2910 1429 2991 f,

313 3000 345 3057 et
366 3012 475 3055 omnes
496 2999 598 3054 turres
627 2991 725 3054 castri
746 2992 934 3076 antiquitate
957 2991 1113 3078 collapsas
1135 2991 1325 3057 reedificare
1347 2993 1429 3058 suis-

314 3099 376 3162 que
399 3076 554 3157 muniens‚
577 3076 690 3148 turrim
712 3074 821 3140 Sancti
844 3075 1031 3142 Heribertiss
1052 3075 1197 3141 similiter
1218 3075 1427 3143 incastellatl.

313 3165 537 3246 Congregatur
557 3159 602 3223 ita
625 3180 665 3223 ue
682 3159 757 3223 hinc
778 3159 868 3224 indei
884 3158 1005 3243 militia,
1029 3170 1061 3225 et
1081 3159 1148 3225 dux
1163 3160 1203 3225 de
1217 3159 1427 3246 Limburehr,

313 3245 368 3331 qui
390 3255 421 3309 ct
443 3265 549 3308 comes
568 3243 608 3309 de
660 3253 742 3325 onte,
765 3242 901 3309 electum
923 3267 997 3309 cum
1020 3244 1087 3308 suis
1109 3243 1264 3311 militibus
1288 3255 1319 3310 et
1334 3244 1430 3310 Colo-

311 3331 437 3394 nienscs
461 3329 547 3392 circa
575 3327 661 3392 idem
691 3338 831 3393 castrum
859 3327 991 3393 diffusos
1018 3337 1049 3392 et
1078 3326 1198 3394 ibidem
1226 3328 1430 3395 adversarios

313 3528 336 3580 a)
350 3531 405 3570 item
421 3540 469 3568 rec.
486 3530 536 3570 Dr.
569 3527 710 3579 b)M.D1.
743 3527 764 3579 c)
781 3529 943 3568 Suuenebaldo
959 3527 1015 3578 D1;
1031 3527 1243 3570 Suenobaluona.
1275 3527 1299 3581 d)
1315 3530 1361 3569 sibi
1376 3529 1429 3572 hs.

312 3589 403 3688 ppdlplp)
412 3589 461 3686 ξῖ.
508 3588 630 3638 odelevit
645 3588 696 3628 Dr.
749 3585 773 3638 g)
789 3588 912 3628 Hercbcrti
927 3587 979 3627 Da.
1024 3586 1256 3638 miraculator.
1301 3587 1318 3640 i)
1335 3588 1390 3628 hinc
1406 3595 1430 3630 et

314 3797 341 3862 1]
362 3797 423 3848 Noa
448 3796 585 3848 Ladovico
605 3796 655 3847 IX.
679 3795 741 3862 ipsi,
761 3797 808 3848 sed
830 3795 918 3862 potius
938 3797 1059 3860 Roberto,
1081 3795 1171 3863 fratri
1195 3797 1259 3858 cias,
1288 3796 1428 3863 imperium

312 3871 428 3921 oblatum
437 3886 499 3934 erae,
509 3869 676 3922 consimilius
687 3878 733 3932 cst·
743 3888 767 3922 o.
777 3870 1010 3921 Horitas-Brea
1028 3870 1074 3932 VI,
1086 3871 1167 3923 1087.
1179 3868 1205 3922 0.
1231 3871 1260 3935 2)
1271 3868 1430 3922 statuentes

310 3952 403 4008 postea
418 3961 494 4009 papa
513 3944 606 3994 electus
625 3943 772 3996 Innocentii
785 3943 837 3993 IV.
856 3961 950 3995 nomen
968 3944 1089 4009 succepit.
1111 3942 1139 3996 0.
1177 3943 1340 4009 3lehmer,
1360 3943 1426 4012 Ray.

313 4033 354 4067 ar.
376 4017 438 4067 972.
514 4014 543 4084 4)
562 4017 727 4069 Heinricum.
803 4019 832 4079 ὃ)
852 4017 1004 4082 Diplomote
1022 4018 1048 4069 d.
1063 4017 1090 4069 d.
1105 4018 1130 4067 9.
1147 4036 1181 4069 m.
1195 4015 1265 4066 Mati
1283 4016 1428 4082 capitulum

314 4087 464 4141 Ooaoieme
482 4089 658 4142 venditionem
675 4109 709 4143 m.
724 4089 792 4156 Apr.
804 4091 910 4156 foetam
924 4091 1058 4156 confimat
1070 4093 1130 4141 vice
1144 4091 1308 4142 venerabilis
1328 4091 1429 4141 domini

314 4162 345 4214 O.
364 4163 522 4215 archielecti
540 4166 631 4224 nostri,
651 4166 697 4229 qui
716 4171 779 4214 tunc
798 4181 845 4230 pro
865 4167 981 4229 negotiis
1001 4165 1116 4215 ecclesie
1135 4165 1193 4216 001.
1211 4171 1238 4214 ct
1255 4166 1310 4215 suis
1330 4164 1428 4229 agebat

312 4237 340 4285 in
366 4237 485 4303 partibus
510 4238 689 4304 transalpinis.
727 4237 850 4288 Muscam
868 4237 1049 4304 Alfterioaum
1067 4237 1117 4300 XI,
1144 4239 1205 4292 153.
1228 4238 1279 4287 154
1300 4237 1379 4300 (Mac.
1399 4236 1427 4287 iu

314 4309 374 4360 bibl.
399 4327 487 4377 pyrro.
508 4308 559 4362 cot.
586 4310 622 4360 od
648 4308 675 4361 S.
696 4310 875 4374 Marcellum).
916 4308 943 4361 C.
1019 4309 1047 4376 6)
1074 4311 1103 4362 V.
1124 4309 1327 4377 dipltOonrodi
1347 4311 1427 4361 1239.

312 4381 366 4434 loz.
383 4385 425 4434 tt.
436 4384 536 4446 datam,
557 4401 600 4449 op.
614 4383 765 4436 Locomblet
780 4383 822 4448 II,
841 4401 883 4435 ar.
904 4384 966 4447 242,
983 4401 1011 4449 p.
1027 4384 1087 4434 125.
1109 4381 1136 4435 0.
1185 4383 1213 4452 7)
1226 4383 1378 4436 Heinricas.
1392 4381 1427 4435 A.
