3122 4978
178 376 367 429 CHRONIOA
385 376 497 427 REGIA
509 375 761 429 COLONIENSIS.
781 375 882 427 CONT.
895 375 932 425 ΙΙ.
952 376 985 428 Δ.
996 374 1075 427 1204.
1088 375 1168 426 1205.
1208 376 1259 426 tas

142 544 264 609 dictum
286 543 565 631 archiepiscopum
587 544 724 608 Romam
747 545 870 609 censuit
891 544 1091 608 evocandum
1112 552 1207 630 atque
1225 545 1260 607 in

141 629 305 695 audientia
337 649 395 692 sua
427 628 467 692 de
500 629 633 694 obiectis
669 627 928 693 examinandum.
986 626 1259 714 Archiepiscopus

141 735 218 778 vero
242 713 381 778 sentiens
404 711 466 776 sibi
487 733 606 799 papam
629 714 770 798 graviter
785 713 950 792 offensum,
965 713 1183 782 testimonium
1198 711 1260 775 sibi

140 796 330 884 perhibente
352 797 546 860 conscientia
568 797 902 882 sua,ireperti1nuit;
932 796 1017 860 unde
1040 819 1082 860 ex
1104 797 1260 861 sententia

142 878 352 944 cardinalium
375 881 538 966 totiusque
552 881 696 945 Romane
713 881 799 946 curie
816 902 836 943 a
850 902 937 967 papa
950 881 1258 946 excommunicatur.

143 965 266 1030 Verum
289 964 397 1050 sepius
419 974 552 1028 vocatus
573 966 768 1051 tandemque
789 965 1005 1051 peremptorie
1028 965 1157 1046 citatus,
1185 966 1260 1049 quia

141 1050 251 1114 venire
272 1049 440 1127 recusavit,
464 1049 551 1112 omni
580 1048 710 1132 honore,
739 1048 772 1113 di
795 1051 893 1113 nitate
923 1050 1074 1135 omnique
1102 1049 1258 1123 beneficio

142 1143 208 1198 tam
230 1131 365 1196 seculari
388 1153 485 1218 quam
508 1133 644 1219 spiritali
666 1071 842 1218 apostoiica
863 1135 1052 1197 auctoritate
1074 1133 1228 1218 privatur.

227 1215 323 1280 Hoc²
345 1238 428 1280 anno
451 1216 587 1304 hyemps
609 1215 737 1303 prolixa
758 1227 790 1281 et
811 1218 987 1303 asperrima
1007 1217 1077 1284 fuit.

381 1323 476 1384 Anno
499 1320 659 1387 dominice
680 1321 908 1384 incarnationis
932 1320 1022 1383 1205.
1170 1395 1172 1398 Ι

226 1400 362 1466 Adolfus
384 1396 643 1490 archiepiscopus
665 1427 723 1490 per
744 1415 844 1469 totam
867 1402 1061 1470 Coloniamb
1076 1425 1260 1467 excommu-

142 1487 266 1550 nicatus
289 1485 509 1570 denunciatur,
530 1489 629 1576 idque
655 1511 713 1576 per
740 1510 833 1554 omne
859 1489 1059 1574 episcopium
1087 1487 1157 1552 fieri
1184 1510 1260 1574 apo-

143 1569 255 1634 stolica
276 1573 465 1636 auctoritate
480 1574 666 1659 precipitur.
751 1572 919 1660 Philippus
933 1595 993 1636 rex
1006 1572 1041 1634 in
1055 1582 1327 1658 pentecoste⁰raa
1343 1593 1379 1634 ao.

144 1653 237 1740 Spire
267 1655 388 1718 curiam
417 1655 539 1738 habuit,
569 1657 625 1722 ubi
647 1656 806 1722 Adolfustl
837 1655 1097 1742 archiepiscopus
1126 1656 1287 1721 consilio.

143 1739 321 1802 amicorum
343 1761 475 1804 suorum
504 1741 572 1826 regi
602 1743 787 1827 cunctisque
816 1739 1017 1826 principibus
1047 1762 1081 1805 se
1104 1739 1259 1822 exhibuit,

144 1844 241 1906 super
262 1825 457 1889 contricione
485 1834 536 1889 ete
567 1825 745 1890 deiectione
773 1847 831 1889 sua
858 1822 1025 1896 consilium
1052 1834 1083 1888 et
1104 1823 1260 1890 auxilium

143 1905 282 1970 illorum.
298 1909 374 1972 satis
401 1907 562 1974 humiliter
588 1910 791 1995 imprecatus.
847 1907 910 1973 Oui
937 1931 995 1972 rex
1025 1929 1122 1993 quam
1148 1909 1260 1974 intime

146 1991 352 2076 compatiens,
368 1993 488 2078 quippe
504 1995 559 2080 qui
598 2003 706 2079 ropter
720 2015 754 2057 se
768 2002 836 2057 tam
853 1991 1117 2057 contumeliosam
1138 2003 1261 2078 patere-

144 2084 197 2139 tur
225 2074 395 2160 repulsam,
425 2099 532 2162 1psum
560 2016 676 2143 blande
712 2079 903 2159 consolatus,
932 2087 1076 2162 tempore
1109 2095 1260 2162 congruo,

146 2180 211 2244 quo
234 2181 292 2244 pro
313 2160 433 2225 honore
455 2183 493 2225 ac
516 2161 672 2248 dignitate
687 2163 734 2227 rei
748 2161 876 2248 publice
891 2161 1080 2246 propensius
1094 2159 1128 2223 id
1144 2161 1262 2308 exeqpi

144 2242 263 2325 valeat,
287 2267 320 2308 se
343 2247 518 2310 certissime
539 2256 710 2311 venturum
732 2244 910 2332 pollicetur.
966 2245 1078 2308 lurant
1099 2266 1175 2329 ergo
1199 2247 1227 2307 si
1250 2245 1262 2308 i

144 2336 256 2390 mutuo
291 2351 350 2392 rex
382 2331 488 2395 cuncti
513 2351 553 2394 ue
582 2331 746 2419 principes
777 2338 808 2395 et
839 2329 881 2394 ad
910 2328 1148 2415 expeditionem
1180 2329 1263 2393 hanc

143 2412 179 2473 in
191 2409 326 2476 Octobri
338 2352 562 2479 celebrandam
575 2413 858 2479 sacramentalibus
870 2437 904 2480 se
918 2414 1104 2478 iuramentis
1118 2415 1262 2478 vicissim

145 2493 379 2594 obligaverunt.
422 2498 573 2563 Rhenusf
595 2500 743 2585 superius
765 2508 797 2563 et
817 2499 949 2562 inferius
972 2496 1130 2562 clauditur
1143 2511 1163 2562 ¹.
1198 2497 1260 2562 Lo·

145 2578 292 2644 thanus⁸
335 2602 440 2646 comes
474 2583 514 2648 de
553 2582 784 2664 Hoinstadinh,
826 2593 962 2668 cognato
1006 2603 1062 2646 suo
1095 2581 1261 2647 Gerhardo

145 2664 261 2730 comite
290 2664 331 2729 de
359 2668 425 2731 Are
458 2668 569 2732 eadem
602 2668 683 2732 urbe
712 2665 868 2731 violenter
896 2664 1041 2752 expuls0,
1069 2665 1150 2752 ipse,
1179 2666 1261 2731 inibi

144 2745 301 2813 militibus
324 2750 389 2814 suis
411 2751 533 2833 locatis,
555 2751 694 2817 totaliter
720 2771 792 2815 eam
819 2749 881 2814 sibi
903 2749 1079 2835 usurpavit,
1102 2772 1175 2814 cum
1198 2751 1261 2814 nisi
1323 2777 1341 2817 ο

145 2830 351 2898 medietatem
373 2835 517 2900 eiusdem
540 2835 630 2900 urbis
645 2844 739 2900 antea
753 2856 819 2898 non
836 2833 976 2898 haberet.
1009 2835 1048 2898 In
1062 2833 1142 2898 festo
1159 2836 1323 2908 sanctina.
1340 2865 1377 2912 15.

146 2915 214 2980 Viti
238 2917 314 2982 Otto
336 2940 405 2998 rex,
429 2919 617 2984 Heinricusi
640 2921 708 2984 dux
730 2919 770 2984 de
792 2918 967 3003 Lemburg,
991 2919 1046 3005 qui
1062 2940 1099 2982 eo
1118 2927 1262 3005 tempore

90 3034 92 3039 ·
147 3020 256 3063 curam
279 3002 434 3089 episcopii
456 3003 764 3069 administrandamk
785 3024 878 3067 susce
903 3012 979 3083 erat,
1001 3025 1066 3066 una
1093 3025 1167 3066 cum
1188 3002 1261 3067 filiis

146 3085 213 3146 suis
223 3083 388 3150 Wahavio
401 3088 408 3128 ¹
424 3095 457 3150 et
469 3087 632 3169 Heinrico,
648 3076 773 3152 nechon
788 3098 819 3152 et
830 3099 850 3129 ¹¹¹
867 3025 1072 3153 dolomense
1081 3099 1105 3168 ¹¹,
1121 3087 1261 3151 adunato

146 3169 291 3233 exercitu
317 3169 423 3234 valido
452 3182 484 3235 et
516 3171 599 3254 forti,
630 3181 769 3235 castrum
806 3171 892 3257 quod
923 3169 1117 3235 Hoinstadin
1148 3170 1263 3235 dicitur

146 3247 310 3336 aliquanto
332 3262 476 3339 tempore
492 3256 683 3338 obsidentes,
698 3255 827 3319 tandem
843 3255 1004 3340 resignato
1020 3252 1103 3318 sibi⁰
1118 3253 1262 3338 predicto

120 3395 123 3405 ,
147 3346 251 3400 castro
275 3336 506 3438 obsidibusque
528 3339 678 3424 acceptis,
701 3337 867 3404 Coloniam
888 3339 1008 3404 reversi
1024 3347 1109 3403 sunt.
1152 3338 1262 3402 Bruno

146 3418 327 3484 Bunnensis
338 3434 518 3569 preposrtus
531 3421 663 3487 Colonia
674 3424 708 3486 in
719 3422 997 3509 archiepiscopum
1009 3421 1136 3506 eligitur
1146 3421 1176 3485 8.
1188 3420 1261 3484 Kal.

146 3501 322 3589 Augustas.
365 3506 394 3569 A
430 3517 444 3560 Ρ
467 3505 593 3571 vincula
615 3509 718 3571 sancti
738 3507 827 3572 Petri
841 3506 977 3571 Adolfus
993 3505 1261 3591 archiepiscopus,
1272 3529 1328 3582 aaa.
1344 3533 1365 3574 1.

149 3609 257 3653 comes
278 3587 475 3672 Iuliacensis,
497 3613 604 3654 comes
627 3591 666 3656 de
688 3590 883 3655 Hoinstadin
916 3612 990 3654 cum
1018 3588 1088 3654 aliis
1116 3589 1261 3676 pluribus

149 3671 211 3736 sibi
246 3674 385 3756 sociatis,
415 3687 531 3740 cuncta
561 3697 622 3762 que
656 3675 747 3739 ducis
778 3675 818 3738 de
851 3672 1015 3760 Lemburg
1044 3673 1164 3761 filiique
1195 3674 1265 3737 eius

147 3755 328 3822 Walravii‘l
350 3780 421 3824 esse
436 3769 584 3846 poterant-
598 3758 755 3824 hostiliter
768 3758 964 3842 invadentes,
980 3780 1018 3823 eo
1034 3780 1137 3846 usque
1151 3759 1265 3824 insana

148 3935 376 3986 altico-futtiles.
393 3939 441 3980 ΑΒ.
472 3937 713 3992 b)(lol'oAtt;Golb‘ri
728 3939 774 3982 At.
805 3938 1021 3992 c)pentecort’.⁴1tt.
1052 3939 1203 3992 rudolphus
1219 3940 1266 3983 Aa.

148 3994 171 4047 a)
188 4001 210 4036 et
226 3997 247 4038 d.
263 3998 306 4038 des.
322 3997 383 4038 ila·
416 3997 435 4050 f)
451 3999 541 4040 Renum
558 4023 584 4032 -
601 4002 670 4042 interi
686 4001 773 4041 claudit
787 4000 836 4040 A2.
883 3998 907 4054 g)
922 4001 987 4041 Loth.
1005 4021 1032 4030 —-
1049 4001 1144 4041 haberet
1158 4002 1200 4041 das.
1218 3999 1266 4041 Aa.

147 4054 172 4106 h)
189 4056 345 4097 Hoinsthadin
361 4057 398 4098 Aa
414 4064 544 4102 constanter.
610 4061 628 4112 t)
644 4061 715 4100 Henr.
732 4059 773 4100 Aa
794 4070 882 4110 semper.
950 4060 974 4113 k)
991 4060 1199 4100 administrandum
1216 4057 1265 4100 Aa.

147 4112 353 4165 1)WslravoAs.
399 4114 501 4168 ὠάρια
517 4119 567 4161 ΑΞ.
598 4118 622 4172 n)
641 4120 696 4162 0016
713 4119 764 4169 ⁴483
781 4115 829 4160 001¹
846 4119 897 4160 At.
942 4117 965 4170 o)
982 4129 1000 4158 s.
1015 4129 1038 4169 p.
1055 4119 1202 4168 obseptam
1218 4118 1264 4158 At.

147 4172 172 4226 p)
189 4175 218 4215 Ι),
236 4175 282 4216 Al.
343 4174 552 4228 qJWalravrna

79 4294 84 4302 ’
150 4307 178 4363 1)
199 4307 244 4359 Ito
262 4307 341 4360 etiam
362 4307 434 4362 Ooot.
456 4309 513 4360 III.
