3098 4982
138 377 327 431 cHRONIOA
340 378 454 430 REGIA
469 375 722 430 COLONIENSIS.
744 375 847 429 ΟΟΝΤ.
857 377 905 428 IV.
924 379 958 428 A.
970 377 1050 427 12³3.
1063 377 1144 430 1234.
1180 377 1233 429 265

114 546 228 612 iectus.
272 543 324 610 Ob
349 566 444 632 quam
475 565 608 609 causam
636 543 734 609 frater
755 543 935 624 Ounradus,
964 546 1058 610 huius
1086 566 1234 632 persecu·

114 631 210 696 tionis
232 629 444 694 hereticorum
467 629 622 710 minister,
650 627 886 714 aquibusdam
910 627 1085 710 nobilibus,
1110 628 1234 696 nullum

114 715 221 779 locum
242 714 356 778 venie⁸
379 711 430 778 vel
461 714 564 798 gratie
596 711 683 798 apud
714 713 823 798 ipsum
855 713 1109 795 invenientibus,
1142 715 1235 779 iuxta

115 798 270 883 Marburg
292 807 341 862 est
362 798 520 862 occisus¹.
563 797 649 861 Ante
671 797 762 860 cuius
776 806 911 861 mortem
927 797 1053 862 modico
1069 808 1235 885 tempore²

117 904 224 948 comes
240 883 422 947 belnensis³
444 902 542 967 super
555 880 659 946 heresi
679 878 760 945 falso
775 881 837 946 fuit
852 881 1037 965 infamatus,
1060 903 1119 968 pro
1142 885 1235 947 cuius

117 966 352 1054 expurgatione
375 987 433 1030 seu
454 965 639 1030 defensione
667 986 728 1029 rex
749 965 920 1030 Heinricus
943 977 1136 1033 conventum
1156 965 1235 1030 mul-

117 1062 222 1117 torum
243 1051 429 1137 principum
443 1048 532 1136 apud
546 1050 601 1114 Ma
624 1049 753 1112 unciam
768 1048 897 1132 habuit,
920 1049 977 1115 ubi
992 1051 1088 1116 etiam
1103 1048 1236 1116 collecta

118 1134 247 1215 milicia,
279 1135 364 1200 idem
386 1156 446 1199 rex
467 1145 579 1199 eontra
601 1072 719 1198 ducem
741 1133 909 1198 Bawarie⁴
929 1135 1153 1220 proficiscitur.
1196 1136 1236 1200 In

116 1220 238 1305 campis
261 1221 369 1305 itaque
392 1219 463 1282 Lici
487 1239 580 1283 secus
596 1219 797 1302 Augustamh
819 1218 886 1283 fere
908 1240 967 1282 sex
988 1217 1078 1283 milia
1098 1217 1236 1283 militum

114 1305 147 1368 in
169 1304 315 1369 exercitu
335 1303 423 1389 regio
452 1311 526 1366 sunt
553 1303 692 1367 inventa.
734 1300 816 1366 Inde
843 1301 1016 1387 profectus,
1044 1301 1135 1368 brevi
1157 1311 1235 1368 tem-

114 1408 194 1475 pore
218 1389 441 1452 Baowariam⁰
463 1387 615 1472 subiugat
643 1394 675 1449 et
701 1385 815 1450 ducem
838 1388 871 1450 in
894 1385 1089 1452 deditionem
1110 1388 1233 1472 recipit

200 1472 307 1558 [Hocl
335 1493 419 1536 anno
448 1472 561 1536 messis
590 1480 622 1535 et
646 1470 809 1534 vindemia
837 1470 898 1536 fuit
929 1470 1091 1557 pluviosa;
1123 1471 1235 1535 vinum

114 1554 299 1643 plurimum,
329 1555 384 1621 sed
407 1553 479 1619 vile.
565 1552 806 1619 Willebrandus
828 1555 999 1642 episcopus
1022 1555 1235 1620 Traiectensis

114 1641 258 1705 moritur.
343 1640 469 1704 Eodem
492 1660 576 1702 anno
599 1638 712 1785 hpems
740 1637 833 1702 solito
859 1642 1006 1725 asperior
1026 1640 1184 1705 inhorruit
1204 1649 1237 1704 et

114 1724 231 1789 multas
266 1725 389 1804 vineas,
424 1725 505 1787 ficus
541 1732 574 1788 et
605 1723 705 1786 o'vas
738 1745 798 1807 per
828 1722 964 1804 Italiam,
996 1724 1168 1788 Franciam
1204 1733 1236 1789 et

115 1807 309 1873 Teutoniam
331 1807 520 1893 congelavit.
604 1807 703 1893 Apud
717 1805 971 1871 Frankenvord⁰
993 1818 1099 1872 autem
1122 1807 1236 1872 eodem

115 1914 191 1977 rege
207 1891 414 1979 sollempnem
430 1893 552 1956 curiam
566 1889 734 1974 habente⁵,
750 1912 857 1955 comes
870 1891 1086 1956 Scinensisfa
1103 1893 1235 1956 crimine

113 1974 235 2040 heresis
258 1999 291 2042 se
314 1977 497 2064 expurgatl.

486 2079 604 2142 Annoss
625 2077 759 2142 Domini
783 2079 874 2144 1234.

199 2162 343 2228 Verbum
373 2165 475 2228 crucis
508 2161 692 2248 predicatur
720 2173 833 2228 contra
855 2159 1050 2245 Sadingosh
1076 2183 1135 2247 per
1155 2160 1233 2225 infe-

114 2248 215 2313 riores
236 2257 345 2333 partes
359 2248 519 2312 Teutonie
541 2245 745 2313 etFlandrie.
788 2245 931 2312 Oolleoto
953 2246 1060 2344 itaque
1083 2247 1233 2310 universo

114 2334 260 2397 exercitu
289 2354 385 2398 cruce
421 2333 631 2417 signatorum,
660 2331 695 2393 in
722 2333 861 2396 crastino
891 2331 1108 2394 ascensronis⁰
1144 2331 1325 2394 idemrana.

116 2415 285 2501 Stadingih
312 2425 504 2502 superantur
536 2424 568 2480 et
595 2438 615 2479 a
642 2424 728 2479 terra
758 2438 816 2480 sua
847 2414 990 2479 funditus
1023 2415 1232 2499 extirpantur.

114 2502 260 2565 Fuerunt
279 2512 387 2566 autem
400 2500 562 2586 Stadingii
581 2498 693 2586 populi
713 2500 747 2562 in
770 2499 909 2565 confinio
924 2498 1028 2563 Frisie
1049 2511 1080 2564 et
1092 2498 1234 2564 Saxonis

116 2585 179 2667 siti,
200 2584 372 2671 paludibus
393 2585 488 2649 inviis
512 2595 544 2649 et
558 2583 746 2649 fluminibus
769 2584 999 2665 circumcincti,
1018 2584 1074 2670 qui
1092 2605 1150 2669 pro
1169 2583 1234 2647 suis

116 2668 302 2734 excessibus
334 2679 366 2734 et
398 2667 669 2734 subtractionibus
697 2667 893 2733 decimarum
922 2667 1030 2732 multis
1058 2669 1151 2732 annis
1181 2690 1234 2733 ex-

116 2753 360 2834 communicati,
393 2761 629 2838 contemptores
660 2750 798 2817 clavium
831 2752 965 2819 ecclesie
998 2760 1072 2816 sunt
1102 2753 1234 2817 inventi.

117 2836 183 2917 Qui
205 2858 278 2900 cum
300 2846 405 2900 essent
420 2837 481 2899 viri
502 2836 654 2918 strennui,
675 2837 800 2902 vicinos
819 2836 965 2923 populos,
988 2839 1086 2901 immo
1102 2837 1234 2901 comites

118 2930 152 2985 et
173 2921 342 3068 episcopos
364 2917 448 2984 bello
469 2919 588 3004 pluries
610 2929 686 2984 sunt
707 2922 860 3005 aggressi,
891 2943 966 3006 sepe
988 2922 1134 3002 victores,
1163 2943 1234 2985 raro

116 3005 204 3068 victi.
249 3004 277 3068 O
332 3025 429 3090 quam
458 3025 587 3067 causam
614 3005 804 3068 auctoritate
832 3004 941 3089 papali
969 3006 1101 3069 verbum
1130 3004 1233 3069 crucis

117 3096 228 3152 contra
249 3109 303 3151 eos
325 3087 386 3152 fuit
405 3109 464 3172 per
484 3085 599 3152 multas
615 3087 769 3173 dyoceses
784 3087 996 3174 predicatum.
1033 3088 1179 3169 Quorum
1200 3089 1234 3151 in

116 3173 261 3259 predicto
288 3171 373 3238 bello
396 3172 544 3236 circiterl
574 3171 639 3236 duo
664 3171 756 3235 milia
782 3173 956 3257 perierunt,
984 3173 1098 3258 paucis
1126 3194 1234 3258 supcr-

116 3257 244 3322 stitibus
266 3257 308 3320 ad
328 3257 451 3321 vicinos
473 3256 624 3320 Frisones
647 3253 913 3340 confugientibus.

6 3333 11 3344 ’
199 3343 379 3428 Imperator
399 3349 532 3405 vocatur
554 3343 574 3404 a
593 3361 679 3427 papa
701 3341 734 3402 in
756 3338 912 3403 auxilium
935 3348 1047 3403 contra
1061 3339 1233 3420 Romanos,

116 3433 149 3489 et
181 3447 291 3490 secum
323 3424 530 3511 aliquandiu¹
555 3425 669 3490 Reate¹
702 3435 857 3506 moratur,
891 3422 1007 3487 milites
1039 3424 1073 3486 in
1105 3423 1234 3487 civitate

114 3508 290 3574 Viterbiom
313 3508 490 3574 collocavit.
524 3509 668 3590 Quorum
686 3508 854 3572 cotidianis
875 3507 1046 3572 insultibus
1069 3516 1101 3572 et
1122 3506 1234 3593 depre·
1311 3558 1313 3563 .

115 3591 299 3657 dationibus
326 3593 464 3658 Romani
498 3593 579 3658 adeo
607 3603 682 3658 sunt
709 3593 835 3675 vexati,
871 3602 907 3657 ut
937 3612 1002 3655 non
1032 3590 1132 3656 multo
1161 3601 1235 3677 post

115 3806 139 3858 ι)
157 3819 170 3850 e
186 3820 200 3848 v
216 3821 227 3849 c
241 3822 298 3852 corr.
315 3811 364 3853 Bl.
400 3811 424 3864 b)
440 3812 569 3862 Augustum
585 3814 626 3855 01.
637 3813 658 3863 2,
673 3823 731 3853 corr.
743 3810 869 3861 Angustam
886 3811 932 3851 Bl.
978 3807 999 3860 c)
1013 3810 1143 3851 Bawariam
1160 3810 1202 3850 01.
1212 3813 1233 3852 2.

116 3866 139 3918 d)
155 3869 206 3908 Hoc
222 3879 284 3910 anno
293 3891 319 3900 -—
329 3881 355 3911 se
371 3876 484 3922 expurgat
498 3874 543 3913 tam
558 3872 684 3921 ενωαΒΙς
700 3872 777 3910 dmum
792 3872 839 3911 132.
849 3871 902 3920 Fr.;
916 3874 1000 3910 meant
1017 3869 1058 3914 01,
1067 3871 1087 3912 2.
1126 3870 1148 3922 e)
1162 3871 1234 3910 Fran·

115 3926 261 3970 kinnor01.
298 3925 428 3980 Odeinen.
446 3931 486 3971 01.
524 3929 1088 3981 glum).1284.aliamcauinloaorasoBl.
1126 3927 1234 3981 h)1·ta0,·

114 3985 221 4036 Staging.
238 3989 285 4029 Bl.
361 3987 379 4040 l)
395 3989 464 4030 tran.
481 3991 495 4030 l.
519 3990 645 4030 etiomBl.
721 3989 746 4041 k)
763 3990 792 4029 ad
815 3991 864 4029 add.
881 3989 917 4028 sed
937 3989 976 4028 del.
993 3988 1040 4028 Bl.
1114 3988 1132 4038 l)
1148 3989 1233 4030 inleso

114 4057 167 4085 raso
183 4047 203 4085 Β
214 4050 233 4086 1.
294 4046 326 4099 m)
343 4048 447 4089 Biterblo
464 4051 506 4099 023
526 4049 638 4100 Byterbio
654 4049 695 4089 01.

119 4231 147 4301 1)
166 4232 220 4285 Ial.
240 4236 283 4286 30.
344 4235 375 4302 2)
394 4235 447 4286 Iul.
469 4236 512 4287 25.
588 4234 618 4301 3)
636 4234 790 4288 Heiarioas.
860 4233 890 4300 4)
913 4233 1038 4286 Ortonam.
1078 4232 1136 4308 Ιὃ)
1156 4231 1233 4284 Anao

116 4306 196 4370 1234,
207 4306 284 4359 Febr.
324 4307 353 4374 6)
368 4307 460 4374 potins
470 4309 496 4361 d.
507 4309 552 4359 27.
563 4307 646 4372 Maia
659 4328 684 4362 o.
695 4308 882 4373 Schamaclter,
897 4307 958 4360 ‘Die
969 4305 1117 4374 Stedinqer'
1123 4324 1154 4373 p.
1166 4306 1232 4357 242.

9 4395 10 4398 ’
116 4379 145 4446 7)
164 4397 245 4433 meas.
265 4381 329 4435 Ian.
349 4388 373 4435 ct
391 4381 447 4434 Iul.
