2988 5058
261 397 416 449 MARTINI
435 395 684 449 CONTINUATIO
704 395 957 478 comnmissis.
1144 395 1197 446 365

53 565 312 652 Asipnorunff,
328 565 518 644 [dontinusb
534 565 621 630 mille
635 564 846 644 oeuillorunn]
864 574 1033 652 custosque
1045 565 1197 650 spelunea

54 649 240 732 crucifirei,
262 673 383 736 rnapno
403 650 565 714 sacerdoti
577 650 802 714 Rornanorum
817 653 987 734 prociaru⁰
1009 671 1109 734 quarn
1119 647 1195 734 pal-

51 737 159 820 pitat
215 735 391 798 ueritando
425 742 453 798 et
484 733 619 798 salutern
652 756 751 819 quarn
783 734 950 798 visitando
978 743 1196 818 promeretur.

64 757 287 882 Ortliodoued
308 819 393 900 fidei
417 817 693 902 fundamentum,
723 818 981 882 christianorum
1012 818 1195 903 sapiencia,

58 902 174 966 robor
197 902 419 982 discretorum,
438 903 659 986 prudenciam
677 901 847 986 fortitudo
870 899 988 966 sirnule
1011 902 1196 967 onniaf'in

59 1009 107 1050 ca
137 987 224 1050 inse
237 988 287 1049 tui
302 986 418 1050 cellula
433 994 511 1052 sunt
525 985 664 1050 reclusa.
698 987 896 1066 Thesaurus,
913 985 955 1049 ah
971 1008 1033 1072 quo
1051 984 1197 1050 locorurn

60 1009 257 1154 [plurinai
269 1072 443 1155 sapiencia
455 1080 483 1134 et
491 1070 680 1154 prudencia
690 1071 939 1154 predicanturJ,
956 1069 1065 1154 sipillo
1081 1072 1196 1135 intimo

61 1155 105 1218 in
131 1155 314 1218 cincinnok
336 1155 465 1218 uerticis
481 1163 533 1218 tue
548 1153 726 1239 collipotus
742 1155 922 1238 requiescit,
945 1155 1101 1218 mensoria
1122 1153 1196 1218 tua¹

62 1247 205 1322 strepet,
227 1239 280 1302 in¹
303 1240 505 1322 insipiencia
519 1236 663 1318 vacillat,
687 1236 833 1301 stulticia
849 1237 1019 1302 obetescitm
1035 1239 1196 1325 uertipine

64 1331 98 1384 et
123 1321 301 1386 stultorum
322 1333 433 1387 rnore¹¹
444 1322 610 1407 fulisan,
639 1324 698 1406 qui
713 1331 815 1406 pater
837 1323 958 1386 diceris
980 1330 1009 1384 et
1022 1320 1108 1403 filiis
1130 1324 1197 1386 tuis
1236 1324 1238 1327 ’

65 1415 142 1470 tarn
165 1407 327 1471 inaudita
354 1406 444 1470 neala
470 1407 687 1470 rnaclzinaris.
735 1405 912 1490 Princeps?
934 1406 1141 1470 Francorum
1169 1415 1198 1468 et

67 1490 137 1554 alii
160 1491 271 1576 repuli
293 1502 403 1576 sperni
426 1491 486 1556 tibi
502 1499 671 1575 ponentes,
701 1489 815 1554 baculo
846 1490 1034 1554 arundineo
1064 1489 1196 1570 sirniles,

67 1573 163 1638 uelut
178 1584 318 1659 stuppar
334 1584 522 1639 evanescent
539 1584 568 1637 et
581 1577 666 1639 sicut
675 1573 796 1658 furnus
811 1575 1000 1657 repentino⁵
1021 1583 1113 1638 uento
1128 1597 1196 1638 uuo

59 1658 160 1742 flatu
197 1669 436 1723 consumentur.
489 1660 537 1722 Tu
571 1659 669 1722 labes
705 1657 846 1742 paleari,
883 1679 943 1721 nos
979 1660 1123 1738 ursinos,
1161 1667 1196 1721 tu

70 1741 198 1806 classes
205 1753 230 1823 ¹¹,
246 1765 306 1806 nos
320 1742 576 1828 turpenandos',
596 1751 632 1806 tu
647 1763 760 1821 naves,
775 1763 834 1804 nos
850 1742 1012 1806 nactur.
1034 1741 1078 1804 Et
1092 1741 1196 1827 quidx

71 1825 204 1890 rnultai
215 1827 337 1911 parvis
353 1825 597 1890 annumerabo?
624 1823 795 1908 Quidquid
809 1823 989 1890 moliendo²
1005 1835 1120 1889 contra
1136 1847 1196 1889 nos

72 1913 224 1996 copitare
237 1911 373 1994 poteris,
396 1919 496 1974 taturi
515 1919 590 1973 ante
601 1909 840 1994 providimusfl,
864 1909 913 1972 etb
935 1918 1068 1973 nectura
1084 1910 1197 1974 delibe-

73 1995 214 2058 racione
245 2003 383 2079 portus,
424 1995 469 2058 ad
501 2015 582 2077 piros
614 1994 786 2078 applicare
809 1995 953 2078 poteris,
989 1995 1198 2069 munientes⁶‚

74 2079 182 2142 nichil
210 2081 366 2159 timemus,
396 2078 464 2141 nisi
493 2078 581 2163 quod
613 2078 737 2161 decepti
769 2079 1003 2160 occupaeiones
1032 2077 1199 2160 plurimas

75 2163 300 2226 anurnittineus.
343 2161 426 2239 [Eri
449 2170 484 2240 o]
500 2161 609 2245 qualis
627 2171 734 2246 pater,
759 2162 817 2244 qui
830 2161 923 2242 filios
946 2183 1013 2224 non
1028 2160 1199 2226 naturalie

75 2255 188 2328 niorto,
211 2247 267 2310 sed
288 2246 396 2310 subita
414 2246 574 2332 perderef
594 2269 661 2310 non
674 2244 869 2328 formidas?
909 2243 963 2308 An
973 2254 1089 2330 putas,
1112 2245 1200 2328 quod

75 2329 268 2416 pharetris&
304 2352 493 2412 careamus,
538 2329 618 2415 quoii
643 2330 735 2412 filios
763 2338 835 2392 tuos
865 2329 910 2393 ad
944 2351 1005 2392 nos
1041 2331 1090 2392 ire
1118 2351 1199 2393 corn-

72 2413 183 2500 pellis,
204 2424 240 2478 ui
262 2417 402 2500 rupitias
424 2424 556 2479 nostras
572 2413 770 2500 [sanquinei
792 2415 942 2496 ipsorum
963 2410 1200 2490 inebriandus]

77 2501 116 2564 in
150 2521 182 2562 se
217 2501 399 2564 recondant
433 2509 462 2562 et
493 2501 622 2563 vivaces
659 2500 791 2562 anirnas
823 2499 860 2561 in
887 2495 1021 2580 fornas
1049 2495 1200 2560 mortales

79 2583 483 2664 iuteiuaisisrausuttnre,
499 2606 571 2648 eunt
585 2580 709 2647 tarnen¹
722 2582 859 2666 spirit-us
872 2582 1014 2645 amissus
1027 2582 1198 2646 secundom

80 2666 188 2730 redire
224 2676 431 2751 contempnat
466 2677 495 2733 ei
530 2667 618 2754 quod
639 2669 741 2752 prius
771 2665 933 2730 dr'lereerat
966 2665 1036 2729 iarn
1062 2665 1199 2750 penitus

82 2749 314 2815 abhorrescat?
359 2749 451 2837 Spon
474 2752 607 2835 specula
629 2752 749 2836 paudii
765 2775 786 2814 a
802 2773 864 2836 quo
887 2748 1062 2814 subversa?2
1084 2749 1199 2813 Inera-

81 2832 179 2899 salem
214 2835 455 2917 speciosissirna
491 2857 512 2897 a
548 2857 610 2918 quo
635 2834 798 2919 funditus
830 2833 1013 2899 destructa?
1067 2833 1200 2898 Accon¹¹

79 2919 309 3004 potentissima
331 2940 353 2980 a
373 2940 435 3004 quo
452 2917 640 2982 desolata⁰l
685 2918 828 3002 Tripolis
840 2918 1074 3003 famosissima
1096 2941 1118 2981 a
1137 2939 1199 3002 quo

84 3000 293 3066 devastatur?
328 3001 447 3066 Nonne
465 3024 529 3086 per
551 3023 611 3065 nos
631 3001 714 3064 340r
736 3002 840 3081 urbes,
864 3025 947 3087 quas
959 3000 1091 3086 farnuli
1116 3001 1198 3066 Cru-

84 3085 173 3233 clm
200 3096 383 3166 reuerant‘,
412 3095 522 3150 nostro
552 3086 697 3150 dominio
720 3084 948 3150 subiciuntur?
993 3086 1043 3148 Tu
1070 3087 1201 3169 quidem

86 3173 167 3235 aios
194 3172 244 3234 ire
267 3170 429 3254 compellis
458 3179 487 3234 et
509 3169 616 3234 solus⁸
644 3191 711 3233 non
739 3169 904 3232 antecedis
911 3191 924 3250 ,·
953 3177 988 3231 tu
1008 3168 1101 3248 filios
1128 3177 1201 3231 tuos

85 3257 146 3320 iret
166 3256 202 3319 in
229 3276 320 3318 mare
337 3253 669 3338 procellosissimumu
681 3253 811 3338 facis',
841 3253 898 3316 ubi
919 3261 1054 3315 nostrew
1077 3250 1200 3338 Syrtes,

88 3339 178 3420 Gillo,
201 3338 355 3404 Caribdis
374 3337 533 3422 furiunt,·
556 3360 659 3401 manu
680 3336 834 3421 quidene¹
857 3336 1008 3416 ostendis,
1031 3335 1087 3398 sed
1103 3334 1200 3418 pedi-

87 3424 142 3487 bus
161 3425 293 3488 rnininue
314 3425 378 3500 uis¹
394 3425 521 3487 adiret.
566 3421 644 3486 Stas
665 3424 702 3487 in
731 3421 816 3485 sicco
845 3429 874 3484 et
894 3418 1007 3483 stultos
1029 3441 1106 3502 pau
1132 3439 1201 3481 eres

87 3509 222 3593 rnerpisz
241 3510 279 3572 in
299 3508 460 3593 uoragine
472 3507 629 3592 fluminis
651 3514 680 3570 et
702 3527 814 3570 carere
826 3504 924 3589 facis
945 3504 1069 3567 intuitu
1080 3441 1202 3566 Plebis

88 3653 109 3705 s)
124 3655 275 3705 Assysnornm
290 3669 308 3696 c.
398 3654 423 3706 b)
440 3657 461 3697 d.
479 3666 508 3697 m.
525 3666 577 3696 vex.
594 3655 670 3694 desunt
685 3665 703 3696 c.
782 3650 804 3705 c)
820 3653 876 3692 deest
891 3663 910 3693 c.
986 3650 1009 3704 d)
1026 3651 1163 3692 orthodoxis
1180 3651 1200 3694 2.

89 3712 109 3764 e)
125 3715 179 3753 sieut
193 3725 211 3754 c.
286 3714 425 3767 iiprsdicta
440 3715 490 3757 odd.
505 3725 522 3754 c.
606 3710 629 3765 g)
646 3714 671 3753 in
687 3713 739 3753 cell.
756 3723 806 3763 cop.
824 3713 916 3752 recluso
930 3722 948 3753 ο,
1023 3708 1047 3762 h)
1064 3713 1134 3759 atque
1150 3710 1167 3750 l.
1182 3721 1201 3750 c.

88 3770 104 3823 i)
119 3773 214 3822 plurima
224 3776 408 3825 -prsdicsntur
423 3775 465 3816 des.
480 3787 498 3814 o.
557 3770 582 3820 k)
600 3773 718 3813 cincinnio
735 3773 756 3812 2.
817 3768 836 3821 i)
851 3771 906 3826 deest
921 3781 940 3810 c.
1000 3766 1032 3821 ιιι)
1049 3769 1162 3810 obetescit
1179 3769 1201 3812 2.

90 3828 113 3880 n)
127 3833 218 3872 nomine
232 3843 251 3874 c.
311 3835 334 3885 o)
350 3835 446 3874 intuitui
456 3846 488 3884 c.,·
503 3833 645 3874 isntitstizut
661 3833 682 3871 2.
743 3828 767 3882 p)
777 3831 901 3880 Philippus
916 3841 934 3871 c.
996 3827 1020 3880 q)
1036 3829 1088 3870 bec.
1103 3828 1202 3868 harunc.

89 3891 137 3931 sim.
150 3901 212 3940 spem
233 3891 276 3932 tibi
298 3896 463 3944 componentes
478 3904 496 3932 c.
572 3889 592 3943 r)
609 3895 678 3941 stupa
692 3901 710 3930 c.
786 3888 806 3941 s)
823 3899 837 3930 a
852 3893 941 3938 repent.
957 3899 975 3928 c.
1036 3886 1054 3940 t)
1071 3887 1162 3937 gladios
1178 3899 1201 3929 n.

90 3950 173 4002 yssinos
186 3961 203 3990 c
256 3950 280 4001 u)
298 3953 385 3992 cinsscs
403 3954 423 3993 2.
474 3950 499 4003 v)
515 3949 702 3998 orsngemundos
717 3959 735 3989 c.
789 3946 820 3998 w)
835 3949 921 4000 yricios
937 3959 955 3989 c.
1008 3945 1033 3998 x)
1050 3945 1163 3998 quidquid
1179 3947 1200 3986 2.

91 4007 114 4061 y)
128 4010 196 4050 multa
211 4010 321 4051 multati.
405 4009 426 4060 a)
443 4022 462 4052 o.
478 4022 501 4050 n.
517 4021 547 4051 m.
563 4021 581 4049 c.
672 4007 695 4060 a)
711 4008 853 4058 providimus
870 4007 891 4047 Ξ.
981 4005 1006 4058 b)
1023 4011 1045 4046 et
1066 4010 1157 4046 motura
1174 4027 1200 4035 -

91 4070 231 4109 immittimus
247 4070 322 4110 dem.
369 4067 390 4120 c)
406 4070 438 4108 itu
453 4069 544 4119 contect3
559 4069 670 4109 mirantes
685 4076 703 4108 c.
742 4066 765 4124 d)
782 4067 918 4107 Etodesnut
932 4079 950 4106 c,
990 4064 1012 4118 s)
1030 4071 1103 4106 morio
1119 4067 1167 4106 net.
1184 4075 1202 4106 c.

91 4126 191 4180 operire
206 4139 225 4170 c.
287 4126 310 4181 g)
326 4128 418 4168 feresne
435 4129 456 4170 2.
515 4126 539 4178 1ι)
557 4131 580 4168 st
596 4129 617 4171 ii.
676 4126 694 4179 i)
711 4137 776 4176 sang.
792 4127 836 4177 ips.
851 4127 969 4168 instassent
984 4136 1001 4164 c.
1061 4122 1086 4176 k)
1099 4123 1201 4167 festinas

91 4191 233 4228 transmutare
247 4198 265 4229 c.
317 4185 335 4238 1)
351 4189 407 4228 deest
421 4199 438 4230 c.
484 4187 517 4240 m)
532 4197 585 4228 soro
601 4187 686 4227 smisso
703 4185 798 4228 noeros.
845 4183 1016 4237 n)Acksrcno.
1073 4181 1095 4234 ο)
1109 4181 1203 4222 sublata

92 4245 195 4296 ‘tripolim
211 4258 228 4286 c.
271 4243 296 4299 p)
310 4247 388 4288 deleta
402 4259 419 4288 c.
470 4243 493 4297 q)
509 4250 614 4288 trecento
629 4257 648 4287 c.
691 4244 714 4298 r)
728 4249 839 4286 rexerunt
854 4245 875 4285 2,
919 4241 939 4295 s)
956 4249 982 4284 tu
998 4253 1045 4283 non
1061 4241 1163 4281 intendis
1180 4241 1201 4280 2.

93 4302 110 4355 t)
123 4305 145 4344 in
159 4315 219 4346 mare
235 4306 269 4346 irs
285 4317 304 4347 c.
404 4304 429 4358 u)
445 4306 640 4356 procellisnimum
657 4307 679 4346 2.
762 4303 787 4358 v)
802 4305 857 4344 deest
873 4303 894 4344 2.
992 4300 1023 4351 w)
1040 4301 1080 4340 nbi
1096 4299 1163 4340 Sintis
1179 4303 1203 4340 st

94 4363 186 4404 Gsnbdis
203 4365 224 4406 2.
289 4363 314 4416 x)
331 4366 399 4414 signa
414 4365 465 4405 aad.
482 4376 500 4404 c.
575 4363 600 4416 y)
616 4364 715 4405 introire
731 4374 748 4405 c.
822 4361 843 4414 a)
861 4365 886 4403 in
901 4372 950 4404 vor.
966 4361 1066 4402 flammis
1083 4359 1169 4407 mergis
1184 4368 1203 4398 c.

95 4419 116 4472 a)
130 4423 195 4472 piebis
213 4424 234 4464 2.
