2988 5058
243 371 840 426 Gosvlnlnnnxrunn.SALA01Aa
861 373 1020 428 CABMEN.
1135 375 1186 425 361

154 539 254 624 Ergo,
276 541 380 605 mucis
402 538 525 621 famuli,
547 539 616 604 sitis
639 540 742 604 crucis
764 539 909 605 hostibus
930 539 1047 625 hostes,

219 623 282 688 Hic
303 625 345 689 sit
365 634 473 690 vestra
493 644 608 688 manns
629 623 772 689 officiosa
792 624 878 688 Deo!

97 721 133 770 85
155 705 289 772 Alcaser
310 717 346 772 ut
366 718 487 794 pereat,
507 706 602 772 vobis
624 709 794 790 sociemus,
816 708 941 794 iterque

216 792 381 878 Indigenis
403 802 497 873 terra,
521 790 678 856 classibus
699 791 786 856 unda
807 792 917 857 dabit'

153 875 224 941 Hes
245 876 287 940 ad
309 877 408 942 verba
428 877 564 962 phares⁸
584 876 618 940 in
640 875 742 941 classe
764 875 814 940 fit:
835 876 998 962 improbat
1019 901 1083 943 una

215 960 296 1024 Pars
318 960 377 1025 hec
399 961 495 1037 dicta,
517 959 634 1045 probat
654 958 762 1040 altera,
785 961 888 1024 cisma
909 971 1027 1026 manet.

154 1042 274 1110 Classis
297 1043 452 1110 dividitus
471 1045 506 1109 in
527 1052 645 1130 partes,
667 1042 847 1108 Marsiliam
868 1067 944 1132 pars

94 1143 131 1192 00
215 1127 287 1194 Hec
308 1137 471 1214 properat,
492 1149 567 1213 pars
589 1127 648 1191 heo
669 1126 805 1192 Alcaser
825 1129 872 1194 ire
894 1138 996 1214 parat.

153 1213 242 1276 Aura
264 1211 375 1295 datur3
398 1234 486 1277 mare
508 1209 670 1276 sulcamus
690 1212 796 1297 proris
818 1222 850 1277 et
870 1214 996 1279 adimus

213 1295 364 1378 Aloaser3
386 1296 439 1360 hio
462 1317 541 1360 uvas
563 1316 603 1359 ca
641 1297 742 1378 imus;
765 1296 864 1361 hostis
886 1298 988 1363 adest.

150 1379 263 1445 Hostis
285 1379 377 1446 adest
396 1383 432 1444 in
453 1403 470 1445 e
493 1381 554 1460 uis,
576 1388 716 1444 savetun
737 1387 774 1442 ut
795 1400 874 1463 uva3
896 1381 954 1447 sed
974 1381 1027 1446 illc

214 1463 357 1550 Cuspide
378 1402 562 1546 translixus,
584 1461 692 1528 salvus
714 1461 803 1528 abire
824 1467 947 1552 nequit.

93 1562 129 1610 ao
152 1547 233 1612 Nam
258 1548 469 1614 moribundus
490 1548 641 1635 equuml,
663 1549 768 1612 socios
789 1549 955 1637 vitamque
976 1549 1115 1637 reliquit.

213 1629 327 1696 Castra
347 1642 461 1718 petunt
482 1633 615 1697 comites
636 1632 805 1717 primaque
827 1632 968 1720 dampna
988 1645 1131 1720 gemunt

149 1749 213 1816 llle
234 1750 323 1815 locus
344 1751 428 1816 vallo
450 1755 574 1816 cinctus
596 1751 746 1838 fossaque
767 1752 936 1836 profunda,

215 1835 256 1899 In
277 1856 368 1898 muro
390 1835 433 1900 du
456 1835 518 1916 lici,
542 1834 685 1900 turribus
707 1836 893 1902 innumeris.

147 1919 256 1984 Annis
278 1857 474 1983 multimodis
496 1919 612 1983 domus
634 1918 693 1983 hec
715 1921 838 1985 munita
858 1922 1000 2008 virisque

63 2017 119 2066 100
208 2003 434 2087 Magnanimos
454 2003 569 2085 reddit,
593 2004 647 2088 qui
670 2025 728 2068 sua
749 2004 842 2088 signa
863 2006 982 2071 colunt.

147 2087 300 2152 Attamen
322 2108 342 2150 a
364 2088 474 2169 muris,
495 2097 667 2175 postquam
688 2089 896 2173 pervenimus
917 2089 1002 2172 illuc,

210 2171 326 2235 Tutius
348 2171 438 2236 exire
459 2192 524 2235 non
545 2181 678 2256 potuere
701 2172 784 2234 suis:

146 2254 231 2320 Nam
252 2257 354 2319 iusta⁰
376 2264 517 2320 castrum
539 2256 676 2320 tentoria
696 2257 855 2339 ponimus,
878 2258 976 2322 armis

209 2338 253 2403 Et
273 2340 400 2403 munita
421 2340 497 2404 viris
519 2348 652 2426 tutaque
674 2341 785 2407 classis
809 2349 886 2407 erat.

61 2437 114 2486 105
142 2423 251 2504 Ficus,
273 2422 360 2488 oliva
381 2423 509 2505 cadunt,
531 2424 625 2489 nobis
646 2422 894 2511 properantibus
915 2427 962 2490 ire
985 2422 991 2432 '

208 2507 261 2572 Ad
282 2529 419 2589 murum,
443 2507 530 2595 quod
551 2508 607 2573 det
627 2509 714 2574 fossa
734 2507 856 2593 repleta
877 2510 975 2575 viam.

146 2590 250 2655 Fossa
269 2599 371 2657 tumet
392 2591 502 2678 lignis3
524 2593 559 2656 in
579 2614 638 2657 nos
659 2594 782 2658 iurasse
803 2591 931 2658 videtur

210 2672 385 2756 Vulcanus,
406 2686 542 2760 pereunt
563 2677 671 2742 omnia
691 2677 780 2764 ligna
800 2697 890 2762 rogo.

145 2757 355 2823 Tormentum
376 2759 512 2823 facimus
532 2782 708 2845 murorum,
731 2782 812 2827 saxa
832 2771 988 2847 notamus,

63 2855 116 2904 110
210 2840 275 2906 Sed
297 2863 406 2907 muros
426 2843 510 2908 ictus
532 2844 618 2910 nilve
639 2868 794 2931 parumve
816 2857 954 2912 movent

147 2923 296 2991 Castrum
318 2925 475 2990 vallamus
496 2938 620 2992 armato
641 2928 758 3013 milite,
781 2950 838 2993 san
886 2931 893 2947 ‘

208 3009 368 3074 Funditur
389 3011 556 3097 utrinque,
578 3013 689 3077 mortis
710 3033 822 3078 amara
839 2952 966 3079 {idiunt

145 3092 268 3158 Rumor
288 3093 401 3159 adesse
422 3103 508 3159 rates
529 3106 653 3161 nostras
675 3095 817 3161 clamans
839 3098 942 3184 quatit
962 3097 1059 3163 urbes

208 3178 358 3264 Ispanas3
380 3179 415 3241 in
435 3200 495 3243 nos
516 3200 606 3243 arma
626 3181 778 3280 virosque
800 3190 939 3246 movent.

62 3259 115 3324 11'5
142 3261 183 3327 In
203 3283 263 3327 nos
285 3263 448 3348 conspirat
469 3263 610 3362 Ispania,
632 3262 742 3350 dirigit
761 3268 796 3328 in
816 3286 876 3329 nos

205 3347 285 3411 Tres
306 3369 416 3433 reges3
438 3345 533 3412 nobis
554 3347 640 3412 fama
661 3348 782 3414 revelat
802 3347 899 3415 idem.

144 3428 225 3496 Inde
246 3442 334 3497 metu
355 3434 533 3518 quatimur,
556 3430 612 3496 sed
634 3453 694 3496 nos
715 3433 771 3520 qui
792 3443 890 3498 cunta
910 3431 1070 3518 gubernat

209 3513 386 3598 Confertat,
407 3515 500 3580 nobis
522 3517 577 3580 dat
598 3525 711 3602 quater
732 3528 803 3583 octo
824 3528 919 3583 rates.

144 3595 303 3662 Custodes
325 3600 443 3665 dantur
464 3598 575 3683 classi3
597 3621 655 3664 nos
677 3622 807 3686 aggere,
828 3600 914 3666 fossa

61 3693 114 3742 120
207 3680 386 3767 Cingimur,
408 3682 563 3748 excubias
584 3686 735 3770 ponimus
757 3685 809 3750 hic
830 3695 862 3750 et
882 3685 938 3752 ibi.

144 3803 194 3872 ut
214 3822 273 3866 nos
296 3805 467 3890 extirpent,
489 3805 636 3892 equitum
657 3815 707 3870 ter
727 3805 815 3870 milia
837 3807 938 3893 quina

116 3906 119 3910 ·
207 3885 252 3950 Et
272 3887 419 3972 peditum
440 3890 574 3954 veniunt
594 3889 683 3954 milia
704 3891 787 3955 dena
809 3900 930 3976 quater.

143 3967 197 4032 Ex
217 3972 334 4036 nostris
356 3972 488 4057 quidam
509 3971 627 4039 bellum
649 3973 825 4056 dissuadet,
846 3973 936 4040 abire

205 4054 389 4138 Ammonet,
410 4056 463 4120 hic
485 4079 667 4144 quenquam
689 4057 812 4124 solvere
834 4068 911 4124 vota
931 4068 1043 4145 negat:

61 4148 114 4198 125
143 4135 225 4202 ‘Non
247 4138 340 4222 hanc,
362 4140 418 4206 sed
441 4151 570 4228 gentem
591 4163 650 4207 nos
671 4141 832 4208 debellare
854 4143 1002 4208 iubemur

207 4221 278 4303 Que
301 4223 422 4291 Christi
442 4225 578 4309 turbam,
601 4248 664 4313 qne
685 4226 757 4291 loce
777 4237 888 4293 sancta
909 4229 1014 4294 tonet.

58 4380 150 4434 100001
163 4384 192 4424 eit
207 4387 286 4430 meto.
347 4388 372 4442 b)
389 4400 458 4441 eqnm
475 4391 507 4432 ut.
569 4389 590 4442 c)
604 4390 621 4432 i.
639 4401 657 4433 e.
673 4391 746 4434 iuxta.
