3126 4976
277 405 466 459 CHRONIOA
484 406 598 458 anaia
619 406 861 460 COLONIENSIS
880 406 913 459 A.
936 407 1016 461 1147.
1037 409 1117 460 1148.
1236 409 1271 462 83

524 579 689 633 Reeeasio
709 580 734 632 I.
755 580 847 632 codd.
866 577 900 634 A.

151 663 264 728 chrum
296 664 430 729 Domini
460 685 498 728 ac
531 663 683 730 dimicare
716 676 828 730 contra
858 675 970 751 gentes
1007 687 1088 766 quae
1123 667 1134 730 i
1181 677 1273 732 orant

150 747 258 812 Deum
290 757 323 813 et
354 747 487 812 dilatare
518 749 671 813 terminos
704 749 868 814 christiani
904 751 1032 836 imperii
1063 750 1096 813 in
1161 752 1271 818 riente.
1327 753 1329 761 ’

148 831 256 896 Huius
278 832 351 896 viae
372 841 518 896 auctores
539 832 680 896 maxime
700 833 828 898 fuerunt
842 833 1026 898 Bernardus
1048 833 1149 899 abbas
1165 834 1273 900 Olare-

147 915 299 981 vallensis
321 914 507 1001 etquidem
531 915 708 980 monachus
734 918 864 982 nomine
884 917 1072 984 Ruodolfus.
1115 919 1214 1018 Ergo,
1236 929 1272 984 ut

148 999 302 1082 diximus,
335 1021 400 1064 non
431 998 534 1064 solum
589 998 685 1066 lebeii
714 1009 747 1065 et
775 999 901 1083 milites,
929 1011 977 1066 set
1003 1013 1036 1068 et
1063 1001 1271 1067 ecclesiarum

147 1082 324 1149 multarum
350 1085 523 1166 antistites,
553 1022 667 1167 dices,
695 1085 843 1162 comites,
873 1085 975 1171 princi
1000 1107 1052 1168 es,
1079 1087 1142 1171 ipsi
1174 1088 1271 1152 etiam

144 1190 183 1233 re
208 1189 242 1234 es
265 1169 298 1231 in
320 1168 403 1232 hanc
418 1190 452 1232 se
467 1167 709 1253 expeditionem
724 1167 933 1234 contulerunt.
997 1192 1039 1234 ex
1053 1172 1150 1234 etiam
1165 1169 1270 1235 Ouen-

143 1189 246 1318 radus
268 1262 300 1316 et
320 1274 380 1316 rex
402 1252 538 1319 l'rancie
552 1251 774 1332 Luodevu'cus,
796 1252 1023 1317 innumerabili
1044 1254 1153 1340 stipati
1174 1252 1270 1320 bella-

144 1346 253 1402 torum
281 1337 424 1422 agmine,
453 1336 514 1400 iter
542 1336 603 1400 hoc
633 1337 778 1422 aggressi
807 1347 890 1404 sunt.
938 1336 1027 1402 Nem
1049 1359 1125 1402 vero
1154 1337 1270 1424 aliquis

143 1421 267 1509 poterit
288 1419 425 1494 credere,
449 1422 589 1505 quantal
611 1419 777 1484 hominum
798 1419 969 1486 multitudo
996 1441 1070 1485 cum
1092 1421 1138 1485 eis
1160 1431 1192 1486 et
1213 1444 1271 1508 per

142 1527 202 1571 eos
232 1503 372 1575 adunata
403 1506 453 1568 sit.
506 1503 581 1568 Non
612 1504 654 1568 ad
686 1503 848 1570 excidium
876 1505 973 1569 Troie
1004 1514 1126 1570 tantam
1155 1505 1271 1573 Grecia

140 1587 296 1653 militiam
309 1588 413 1670 misit,
435 1607 610 1674 numquam
634 1587 728 1653 Oirus
749 1610 809 1653 rex
830 1597 919 1654 tanta
940 1588 1107 1653 hominum
1134 1587 1269 1656 vallatus

142 1682 198 1738 est
226 1673 304 1754 acie,
333 1681 365 1736 et
384 1669 450 1736 heu
469 1671 571 1757 proeh
592 1671 697 1736 dolori
721 1693 784 1759 quo
807 1671 916 1758 plures
938 1681 969 1738 et
989 1672 1142 1738 forciores
1170 1683 1270 1757 erant,

141 1778 184 1824 eo
208 1757 333 1820 minora
353 1756 479 1820 virtutis
500 1777 578 1819 suae
598 1754 754 1842 reliquere
775 1756 913 1841 vestigia
921 1768 943 1820 ⁰.
986 1755 1039 1820 Nil
1061 1757 1147 1843 quod
1168 1757 1270 1842 Regia

141 1840 285 1907 Oronice
307 1838 340 1902 di
385 1860 441 1902 um
462 1841 504 1903 sit
524 1839 667 1925 imprimi
688 1839 750 1904 hoc
771 1848 880 1903 actum
902 1848 950 1904 est
964 1840 1105 1922 itinered,
1126 1851 1269 1907 tantume

50 1940 53 1953 '
141 1944 302 2022 eaquae
361 1943 475 1987 omano
508 1921 603 2008 plena
635 1923 700 1987 sint
730 1920 847 1986 rubore
880 1932 912 1987 et
939 1923 1120 1990 infortunia.
1169 1926 1271 1991 Periit

139 2029 290 2074 maxima
310 2028 352 2071 ex
373 2015 464 2093 parte
495 2003 736 2070 innumerabilis
763 2003 816 2071 ille
846 2017 1020 2072 conventus
1046 2010 1140 2091 fame,
1168 2018 1269 2094 peste,

140 2113 348 2180 paganorum
368 2089 492 2176 gladi03
514 2088 645 2176 plurimi
659 2090 807 2154 aTurcis
829 2098 861 2153 et
873 2089 1057 2156 Sarracenis
1079 2093 1176 2178 capti,
1197 2092 1272 2158 feda

142 2177 300 2242 servitute
321 2185 354 2240 et
373 2171 509 2238 vinculis
532 2183 773 2239 consenuerunt.
818 2171 928 2238 Solum
949 2173 1157 2257 Damascum,
1179 2173 1269 2240 nobi·

515 2355 683 2407 Receasio
704 2353 745 2404 ΙΙ.
766 2355 860 2409 codd.
880 2355 914 2406 B.

137 2449 347 2519 proficiscuntur
368 2465 440 2499 cum
458 2447 648 2500 innumerabili
668 2446 894 2498 multitudine
913 2446 1073 2500 bellatorum
1088 2450 1266 2520 equestris

142 2529 177 2575 et
202 2523 381 2589 pedestris
405 2514 606 2584 exercitusf,
631 2520 740 2572 accensi
767 2519 921 2571 desideriot
946 2521 1028 2572 eundi
1046 2523 1073 2572 in
1093 2522 1269 2586 iherusalem,

140 2597 256 2648 visitare
280 2596 450 2662 sepulchrum
469 2596 580 2646 Domini
606 2609 638 2643 ac
665 2592 793 2644 dimicare
819 2600 912 2645 contra
936 2599 1031 2660 gentes
1051 2612 1120 2661 quae
1142 2597 1269 2662 ignorant

142 2671 235 2720 Deum
262 2675 289 2720 et
314 2668 428 2718 dilatare
446 2662 595 2719 terminos¹¹
616 2667 753 2718 christiani
770 2669 877 2734 imperii
895 2669 924 2718 in
943 2669 1062 2720 Oriente.
1100 2669 1187 2721 Huius
1206 2670 1267 2720 viae

142 2748 271 2794 auctores
302 2743 418 2792 maxime
449 2741 555 2792 fuerunt
577 2739 731 2791 Bernartius
756 2741 841 2791 abbas
866 2740 1074 2793 clarevallensis
1105 2748 1133 2794 et
1157 2744 1267 2808 qnidam

142 2816 294 2867 monachus
313 2816 420 2865 nomine
439 2808 595 2865 Redolrusi.
633 2814 714 2879 Ergo,
734 2819 763 2864 ut
782 2813 907 2878 diximus,
925 2830 979 2865 non
998 2814 1083 2866 solum
1103 2812 1215 2882 plebeil*
1240 2822 1268 2868 et

142 2889 255 2947 milites,
274 2888 323 2938 sed
343 2892 370 2937 et
388 2886 581 2938 aecclesiarum
600 2887 742 2937 multarum
762 2888 902 2950 antistites,
922 2886 1014 2949 duces,
1035 2891 1155 2953 comites,
1168 2891 1266 2956 princi-

141 2979 203 3029 pes,
223 2962 276 3027 ipsi
295 2961 376 3011 etiam
395 2975 473 3026 reges
492 2961 521 3011 in
539 2960 609 3009 hanc
628 2975 657 3010 se
677 2959 876 3026 expeditionem
897 2957 1092 3012 contuleruntl.
1117 2963 1176 3015 Nec
1200 2978 1264 3015 vero

143 3035 245 3100 aliquis
255 3034 353 3100 poterit
373 3034 491 3097 credere,
512 3037 640 3098 quantam
659 3033 795 3084 hominum
815 3033 956 3085 multitudo
976 3050 1036 3086 cnm
1056 3036 1095 3086 eis
1115 3041 1142 3086 et
1157 3051 1206 3103 per
1219 3052 1265 3088 eos

48 3098 50 3111 ¹
143 3107 266 3159 adunata
290 3109 332 3159 sit.
354 3117 355 3120 ’
376 3107 436 3157 Non
461 3106 496 3157 ad
521 3104 654 3156 excidium
679 3107 758 3156 'l'roie
784 3111 887 3156 tantam
913 3107 1012 3158 Gracia
1036 3107 1158 3160 militiam
1186 3110 1266 3173 misit,

141 3196 291 3248 numquam
311 3181 388 3232 cirus
413 3187 481 3230 rexn
508 3184 584 3230 tanta
609 3179 744 3230 hominum
767 3179 883 3231 vallatus
910 3186 951 3230 est
976 3181 1045 3232 acie.
1092 3183 1128 3232 ut
1146 3182 1198 3233 heu
1216 3199 1264 3250 pro

47 3246 50 3268 ¹
142 3255 234 3307 dolori
255 3269 308 3320 quo
327 3253 417 3320 plures
438 3259 464 3303 et
482 3253 604 3304 fortiores
618 3258 702 3316 erant,
716 3268 748 3302 eo
760 3253 863 3304 minora
875 3254 980 3305 virtutis
995 3253 1128 3320 reliquere
1141 3257 1265 3320 vestigia.

140 3329 188 3380 Nil
210 3327 282 3394 quod
301 3329 387 3392 Regie
410 3327 523 3378 (ironice
544 3325 655 3391 dignum
673 3328 709 3376 sit
727 3326 834 3392 inprimi
854 3327 905 3377 hoc
925 3331 1015 3378 actum
1035 3332 1076 3379 est
1088 3328 1193 3392 itinere,
1206 3334 1265 3379 tan·

140 3409 199 3454 tum
221 3417 254 3451 ea
273 3401 456 3466 queltomano
475 3399 557 3467 plena
576 3400 630 3450 sint
647 3399 744 3450 rubore
764 3404 791 3450 et
810 3399 962 3452 infortunio.
992 3400 1076 3452 Periit
1094 3402 1211 3451 maxima
1232 3417 1264 3452 ex

140 3479 220 3542 parte
240 3474 442 3525 innumerabilis
460 3473 507 3524 ille
528 3478 674 3524 conventus
693 3473 773 3535 fame,
792 3479 877 3539 peste,
897 3488 1061 3541 paganorum
1081 3473 1182 3540 gladio,
1205 3474 1264 3541 plu-

139 3549 203 3599 rimi
223 3547 363 3598 a⁰Turcis
383 3553 410 3598 et
429 3547 585 3598 Sarracenis
606 3547 687 3612 capti,
705 3545 770 3596 feda
789 3547 916 3598 servitute
936 3553 964 3598 et
981 3546 1097 3598 vinculis
1117 3563 1263 3599 consenue-

140 3709 285 3764 anema.
306 3708 614 3761 blquantodlmuiadi.
636 3707 778 3761 c)v.r.Ai.
802 3707 956 3760 d)init.A1.
989 3708 1263 3762 eltantaatuideturdl,

140 3768 194 3820 εἰ)
203 3769 269 3809 verbu
286 3771 374 3810 amatae
389 3769 524 3820 transposita
538 3773 590 3809 aaut
605 3770 630 3809 ta
644 3769 690 3809 cori.
699 3769 803 3820 01,aam
814 3773 866 3817 post
880 3769 957 3809 seba:
981 3773 1095 3821 equestris
1110 3775 1134 3812 et
1149 3772 1262 3822 pedestris

140 3828 260 3870 exercitus
275 3835 396 3878 sequamur
410 3830 474 3868 tace:
491 3830 563 3869 Facta
584 3832 619 3870 est
641 3832 664 3868 et
684 3828 775 3868 navalis
797 3828 915 3878 expeditio
938 3830 964 3869 in
980 3830 1124 3882 Hyspaniarn
1145 3833 1174 3872 ad
1189 3832 1265 3874 Ulixi·

141 3889 228 3928 bonam
250 3888 367 3928 civitatem
389 3888 568 3928 munitissimam
589 3889 614 3929 in
635 3891 713 3926 monte
733 3889 833 3937 positam
856 3887 915 3926 mari
938 3889 1068 3941 adiacente,
1083 3892 1123 3930 nbi
1144 3892 1203 3931 miro
1218 3891 1265 3932 Dei

140 3947 231 3987 anxilio
248 3950 317 3996 capta
332 3947 395 3998 urhe,
411 3945 547 3988 Sarracenis
562 3947 646 3988 occisis
661 3949 685 3986 ct
707 3946 794 3997 eiectis,
810 3947 968 3988 'leuthericus
991 3952 1106 3990 exereitus
1120 3960 1214 3990 omnem
1229 3961 1264 3990 re·

140 4007 237 4054 sionem
254 4006 455 4046 circumiacentem
477 4007 582 4047 obtinent
603 4009 627 4046 et
646 4005 739 4054 inroitu
765 4006 927 4054 adrumatur
947 4007 980 4046 tis
1002 4007 1094 4049 wasers
1117 4009 1182 4049 baias
1196 4010 1264 4050 caat.-

139 4065 231 4104 Eodem
247 4069 351 4115 tempore
364 4065 488 4105 Heinricus
505 4067 552 4106 dux
567 4065 686 4106 Saxonum
703 4085 728 4094 -
754 4064 852 4104 domnus
869 4063 1001 4107 uerharous
1017 4067 1088 4108 abbas
1104 4068 1173 4118 obtin
1188 4068 1264 4107 asna

138 4125 252 4172 requirar:
271 4125 305 4164 12.
314 4126 358 4166 An.
367 4126 396 4166 D.
411 4125 476 4166 1149.
492 4135 560 4174 usqae
575 4125 605 4165 od
619 4124 694 4164 serta:
711 4123 790 4163 multis
805 4123 898 4163 claruit.
930 4125 1011 4166 Deinde
1025 4128 1124 4178 sequitur
1138 4127 1188 4176 ipsa
1208 4137 1262 4166 aar·

140 4184 200 4222 ratio
216 4185 371 4234 repetitionis:
389 4184 481 4224 accensi
498 4183 613 4224 desiderio
630 4187 668 4223 etc.
687 4182 791 4232 -apud
813 4181 962 4224 Ulixibonam
983 4179 1102 4227 miraculis
1119 4185 1263 4235 claruerunt3

140 4245 185 4280 tam
200 4242 306 4282 inseritur
320 4245 392 4284 toras:
409 4243 462 4284 istis
477 4243 555 4283 taliter
569 4243 666 4294 patratis
691 4259 717 4272 -·
740 4252 851 4291 prospero
868 4243 1038 4292 applicuerunt.
1113 4243 1137 4295 ε)
1158 4244 1263 4284 accensis

142 4300 265 4343 desideriis
283 4303 326 4344 02.
356 4301 380 4353 h)
397 4313 451 4344 suos
467 4301 517 4342 aad.
534 4302 576 4342 Oi.
607 4300 625 4354 i)
634 4300 746 4341 Radoitus
763 4300 807 4341 01,
837 4298 946 4352 k)picbii
962 4303 1005 4344 01.
1036 4301 1261 4356 1)rseeperuntca.

142 4357 174 4411 m)
192 4351 248 4413 quia
267 4361 308 4402 01.
370 4359 394 4412 n)
412 4372 453 4402 rex
469 4361 536 4402 cirus
553 4361 571 4402 0
578 4363 598 4401 2.
659 4357 681 4411 ο)
698 4360 801 4409 piurima
817 4359 900 4400 'rurcis
915 4360 942 4402 B.
961 4362 981 4402 0.

989 4434 1030 4498 ,t
