3126 4976
284 453 317 500 tt
474 449 661 503 CHRONICA
681 447 793 500 REGIA
813 447 1056 500 COLONIENSIS
1077 448 1109 498 A.
1135 447 1213 499 1137.

654 621 824 674 Recenaio
845 621 868 672 Ι.
888 623 982 673 codd.
1003 621 1036 674 A.
1130 651 1133 656 -

283 692 461 758 (trecorum
484 691 525 758 ad
547 713 620 756 eum
643 689 813 776 magnifiee
834 690 974 771 veniunt,
1003 710 1083 775 quos
1105 689 1176 775 ipse
1198 689 1405 775 magnificen-

282 777 345 842 tius
367 778 510 863 suscepit
530 797 568 840 ac
591 776 721 840 remisit.

356 858 574 926 Adelbertusa
595 860 802 946 Mogontinus
824 857 1087 943 archiepiscopus
1111 857 1203 939 obiit3
1225 867 1299 943 post
1314 859 1405 922 cuius

285 944 428 1010 obitumb
452 945 563 1009 civitas
584 967 649 1008 una
670 966 744 1008 cum
766 941 937 1030 principali
958 941 1088 1026 templo,
1111 940 1174 1005 heu
1218 942 1277 1005 roh
1300 941 1404 1006 dolor!

283 1030 357 1115 igne
380 1038 582 1094 concremata
604 1039 661 1093 est.
735 1027 880 1093 Marchio
903 1024 1127 1108 adelbertum,
1151 963 1283 1090 collecta
1297 1023 1406 1090 valida

284 1136 393 1261 magu,l
412 1111 552 1198 hyemali
574 1122 718 1199 tempore
740 1122 857 1179 terram
874 1109 1062 1177 Sclavorum
1084 1109 1314 1196 predabundus
1336 1132 1406 1196 per-

283 1219 336 1260 am
362 1208 437 1262 uat.
981 1253 986 1260 .

361 1283 550 1368 Imperator,
573 1279 668 1344 rebus
689 1282 722 1343 in
736 1280 830 1344 Italia
846 1280 1040 1366 compositis,
1064 1301 1137 1343 cum
1152 1279 1216 1342 iam
1231 1279 1406 1364 repatriare

285 1367 435 1451 disponit,
458 1365 492 1428 in
512 1365 584 1450 ipso
606 1365 728 1448 itinere,
751 1375 816 1429 tarn
845 1365 931 1429 senio
959 1386 1055 1450 quam
1081 1363 1266 1428 infirmitate
1293 1385 1406 1447 grava-

197 1471 275 1512 aar.
284 1459 345 1532 tus,
368 1451 397 1515 2.
413 1451 522 1514 Nonas
538 1448 729 1513 Decembris
752 1449 840 1514 obiit.
874 1447 980 1512 Huius
1001 1449 1086 1534 regis
1109 1459 1254 1532 tempora
1268 1447 1406 1511 iocunda

284 1534 400 1600 fueret
444 1533 527 1596 Nam
547 1532 632 1597 bona
647 1534 728 1598 aeris
743 1533 909 1617 temperie,
932 1533 1103 1618 omnigena
1117 1543 1220 1597 terrae
1234 1530 1406 1613 fertilitate,

284 1627 472 1683 cunctarum
493 1639 601 1681 rerum
624 1619 718 1703 copia
739 1639 804 1682 non
826 1615 930 1681 solum
952 1639 1010 1702 per
1032 1638 1176 1702 regnum,
1202 1625 1250 1679 set
1272 1623 1303 1678 et
1324 1637 1406 1700 pene

284 1725 343 1788 per
368 1710 471 1766 totum
500 1701 656 1765 mundum
685 1700 891 1766 exuberabat.
941 1703 1005 1766 Hic
1033 1722 1112 1786 pace
1142 1698 1304 1780 affluebat,
1334 1721 1407 1764 con-

285 1787 395 1851 cordia
404 1809 439 1850 re
463 1785 570 1867 nabat,
587 1785 812 1872 tranquillitate
824 1785 1012 1873 imperabat,
1026 1781 1242 1850 moderatione
1254 1782 1407 1868 fulgebat.

284 1872 369 1935 Pace
396 1809 544 1956 belloque
571 1869 765 1934 clarissimus
793 1880 869 1935 erat.
913 1871 1028 1934 Merito
1057 1892 1076 1932 a
1104 1870 1197 1934 nobis
1226 1869 1407 1954 nostrisque

285 1957 420 2042 posteris
442 1963 534 2040 pater
555 1953 677 2039 patriae
699 1952 886 2040 appellatur,
911 1956 986 2041 quia
1008 1962 1077 2018 erat
1097 1954 1246 2038 egregius
1262 1951 1409 2017 defensor

286 2049 317 2104 et
330 2039 519 2103 fortissimus
535 2050 764 2124 propugnator,
787 2037 896 2102 nichili
911 2039 1056 2125 pendens
1076 2037 1176 2102 vitam
1192 2059 1282 2101 suam
1298 2045 1409 2100 contra

287 2124 393 2189 omnia
421 2123 556 2188 adversa
584 2132 717 2208 propter
745 2123 905 2186 iusticiam
932 2144 1104 2209 opponere.
1155 2121 1198 2186 Et
1224 2130 1260 2184 ut
1287 2121 1408 2206 magni-

285 2208 432 2272 ficentius
456 2208 496 2271 de
519 2228 556 2271 eo
581 2207 734 2289 dicamus,
757 2208 791 2270 in
814 2206 928 2271 diebus
950 2210 1018 2272 eius
1040 2205 1178 2292 populus
1201 2215 1303 2269 terrae
1323 2205 1408 2291 prin-

287 2293 390 2378 oipem
419 2301 522 2356 terrae
549 2313 612 2355 non
640 2293 806 2377 pertimuit
834 2313 898 2356 nec¹
921 2290 1134 2356 violentorum
1161 2288 1308 2354 manibus
1336 2288 1408 2354 sub-

285 2376 393 2440 iacuit.
436 2375 666 2461 Unusquisque
689 2377 773 2440 enim
796 2397 854 2439 sua
878 2373 1051 2440 liberaliter
1079 2374 1279 2460 pacificeque
1308 2373 1408 2460 possi·

287 2460 392 2525 debat.
435 2459 523 2544 Ergo
545 2481 603 2543 pro
626 2458 770 2546 pacificis
793 2482 869 2545 erga
891 2460 955 2524 Dei
978 2457 1145 2524 ecclesiam
1175 2458 1216 2523 ab
1246 2479 1283 2521 eo
1310 2457 1408 2542 gestis

287 2553 445 2629 optamus,
467 2553 503 2607 ut
523 2544 586 2608 alta
607 2565 688 2628 pace
717 2544 750 2606 in
773 2544 914 2608 Domino
943 2544 1086 2629 quiescat
1114 2553 1147 2608 et
1175 2552 1284 2607 eterna
1310 2541 1409 2606 beati-

626 2669 792 2722 Reoensio
812 2670 853 2721 ΙΙ.
874 2672 964 2722 codd.
986 2672 1021 2722 B.
1042 2669 1068 2723 0.

287 2746 378 2810 regine
398 2759 426 2793 se
446 2745 572 2809 potestati
591 2744 711 2794 tradidit.
751 2745 855 2794 Exhinc
874 2747 1018 2811 imperator
1037 2748 1064 2796 in
1081 2743 1232 2795 Calabriam
1253 2743 1408 2806 ambulavit,

287 2819 344 2868 ubi
362 2817 467 2878 legatos
488 2818 632 2867 Grecorum
653 2818 787 2868 obviam
808 2818 936 2868 habuit.

361 2891 440 2956 Ipso
460 2896 614 2956 tempore
629 2887 789 2956 Mogontisd
810 2907 862 2942 una
883 2908 941 2942 oum
962 2892 1106 2958 principali
1121 2889 1220 2956 templo
1241 2891 1322 2955 ignee
1337 2904 1408 2939 corn·

286 2965 365 3016 busta
386 2971 434 3031 est.

360 3039 517 3104 Imperator,
536 3038 615 3088 rebus
634 3039 661 3086 in
681 3037 762 3088 Italia
782 3038 945 3103 compositis,
966 3053 1025 3088 cum
1044 3038 1097 3088 iarn
1117 3038 1263 3107 repatriare
1284 3036 1409 3103 disponit,

286 3113 313 3161 in
333 3113 391 3178 ipso
410 3112 506 3161 itinere
526 3117 579 3161 tam
599 3113 673 3161 senio
694 3127 773 3176 quam
798 3109 950 3162 infirmitate
979 3117 1114 3176 gravatus,
1138 3109 1272 3160 anonas
1293 3111 1408 3159 Decem-

288 3195 340 3244 bris
361 3194 435 3254 obiit,
454 3195 495 3244 vir
515 3195 638 3259 egregius
659 3199 692 3243 et
712 3194 813 3258 digne
833 3201 909 3260 pater
928 3196 1013 3260 patrie
1027 3191 1218 3261 appellandum
1239 3197 1302 3262 quo
1318 3177 1408 3240 deee-

288 3261 381 3347 dente
411 3281 476 3345 pax
505 3269 536 3324 et
558 3258 769 3345 tranquillitas
799 3269 831 3325 et
859 3282 965 3324 rerum
995 3262 1104 3348 copia,
1134 3260 1216 3344 quer
1241 3281 1278 3325 eo
1308 3260 1408 3346 impe-

286 3353 376 3409 rante
405 3343 591 3430 vigebantt,
620 3342 773 3410 hactenus
803 3353 1016 3410 cessaverunt.
1072 3357 1174 3422 Corpus
1204 3359 1260 3407 eius
1290 3357 1407 3408 delatum

288 3439 315 3486 in
335 3436 456 3502 patriam,
484 3435 612 3502 sepelitur
637 3437 712 3502 regio
738 3450 812 3485 more
838 3437 866 3484 in
892 3435 1040 3487 hereditate
1066 3440 1187 3502 paterna,
1210 3429 1292 3487 loeoh
1320 3429 1407 3486 dictoi

286 3509 444 3560 Liutheron.
494 3505 612 3576 [Huiusk
636 3511 708 3574 regis
734 3515 855 3574 tempora
878 3509 995 3560 iocunda
1019 3509 1102 3561 fuere.
1150 3509 1218 3559 Nam
1245 3510 1314 3560 bona
1338 3511 1408 3560 aeris

287 3584 425 3648 temperie,
446 3583 589 3647 omnigena
608 3588 678 3632 terre
697 3583 843 3646 fertilitate,
864 3589 1018 3634 cunctarum
1038 3599 1124 3634 rerum
1145 3586 1224 3650 copia
1249 3599 1301 3632 non
1322 3581 1408 3632 solum

288 3671 336 3723 per
354 3672 476 3722 regnum,
501 3655 550 3706 sed
576 3660 603 3706 et
626 3672 695 3722 pene
720 3672 768 3723 per
792 3661 876 3706 totum
901 3656 1027 3707 mundum
1052 3657 1224 3710 exuberabat.
1261 3657 1314 3706 Hic
1340 3670 1408 3722 pace

289 3730 423 3792 affluebat,
444 3729 588 3780 concordia
608 3730 747 3794 regnabat,
767 3729 961 3796 tranquillitate
981 3730 1138 3796 imperabat,
1158 3729 1342 3780 moderatione
1358 3728 1409 3779 ful·

288 3804 378 3869 gebat.
420 3804 493 3854 Pace
521 3803 648 3868 belloque
678 3802 841 3854 clarissimus
870 3811 935 3854 erat.
983 3803 1079 3854 Merito
1109 3819 1125 3854 a
1152 3804 1230 3854 nobis
1258 3802 1409 3869 nostrisque

288 3878 402 3944 posteris
421 3881 498 3942 pater
517 3877 602 3943 patrie
622 3875 780 3942 appellatur,
801 3878 864 3943 qnia
884 3883 941 3928 erat
961 3878 1084 3943 egregius
1104 3877 1229 3928 defensor
1253 3881 1279 3926 et
1297 3876 1409 3927 fortissi-

288 3965 347 4001 mus
369 3955 558 4018 propugnator,
588 3949 679 3998 nichili
705 3949 826 4016 pendens
849 3952 931 4001 vitam
960 3966 1034 4002 snam
1066 3957 1158 4001 contra
1181 3951 1270 4002 omnia
1296 3950 1410 4000 adversa

288 4029 399 4090 propter
416 4024 550 4073 iusticiam
571 4038 713 4093 opponere.
752 4023 787 4074 Et
812 4029 842 4073 ut
867 4024 1081 4090 magnificentius
1108 4023 1141 4074 ds
1168 4039 1200 4095 eo
1226 4024 1356 4084 dicamus,
1381 4024 1410 4072 in

290 4096 383 4166 diebus
404 4098 460 4146 eius
480 4095 593 4162 populus
619 4102 688 4147 terre
714 4098 861 4163 principem
887 4103 957 4148 terre
983 4113 1036 4147 non
1061 4098 1206 4164 pertimuit,
1232 4113 1283 4146 neo
1307 4095 1409 4148 violeu-

288 4175 373 4221 torum
394 4171 516 4308 maqibus
536 4169 679 4222 subiacuit.
718 4171 907 4238 Unusquisque
928 4172 997 4221 enim
1017 4187 1065 4222 sua
1082 4170 1230 4221 liberaliter
1241 4169 1410 4241 pacificeque

288 4242 446 4310 possidebat
460 4271 477 4292 .=

290 4349 313 4402 a)
336 4351 445 4392 Albai-tus
466 4352 518 4393 Ar.
608 4353 633 4405 b)
657 4354 681 4392 irs
703 4365 772 4405 mara.
793 4355 866 4404 prima
886 4364 944 4398 men.
966 4355 1036 4402 suppl.
1062 4353 1113 4394 Ar.
1205 4352 1225 4405 c)
1249 4354 1328 4393 merae
1351 4363 1410 4393 corr.
1440 4396 1442 4399 .

289 4410 420 4452 luerem.
451 4427 480 4448 =
510 4410 726 4463 marogunnscr.
790 4411 1012 4464 e)deestB1.0t.
1074 4412 1276 4464 tiqulBMt.
1338 4409 1411 4463 ᾐνί-

290 4471 359 4520 uehat
375 4470 419 4512 02.
480 4471 504 4524 h)
521 4473 545 4512 in
561 4472 612 4513 loeo
630 4472 673 4513 02.
734 4471 751 4518 ἰ)
767 4473 806 4522 qul
822 4473 907 4512 dieitur
922 4472 972 4513 Bl.
990 4471 1033 4512 02.
1095 4470 1120 4523 k)
1136 4473 1187 4512 boec
1202 4473 1244 4512 der.
1263 4470 1306 4510 01.
