3126 4976
292 453 481 507 OHRoMcA
499 454 612 506 REGIA
632 455 875 509 COLONIENSIS
894 458 927 509 A.
949 459 1027 508 1137.
1049 458 1128 510 1138.
1242 461 1275 510 75

523 627 692 682 Bacenaie
712 629 737 682 Ι.
757 631 850 682 codd.
870 632 903 682 A.

148 713 261 779 tudine
282 713 475 800 perfruatur.
520 713 645 801 Corpus
662 717 729 780 eius
745 714 885 781 delatum
899 717 933 780 in
938 717 1101 866 dplopttriarn,
1124 716 1278 804 sepelitur

148 799 239 884 regio
261 819 350 864 more
372 799 407 862 in
427 797 604 865 hereditate
625 807 768 884 paterna,
790 802 823 864 in
844 799 915 866 loco
1007 823 1025 866 o
1047 802 1232 869 Liutheron.

148 887 248 930 Anni·
264 889 418 932 Cuonradi
434 891 536 930 tereti.

527 942 622 1005 Anno
645 941 779 1006 Domini
804 944 906 1009 1138.·
937 987 942 994 -
1195 999 1198 1003 .

223 1025 416 1111 Imperatrix
430 1025 586 1091 Richinza
600 1025 718 1090 indixit
739 1038 931 1093 conventum
949 1028 1132 1114 principum
1146 1031 1180 1093 in
1194 1029 1276 1095 festo

148 1108 383 1208 purificationis
407 1119 535 1175 sanctae
557 1110 679 1175 Mariae
694 1111 975 1198 Quitelingeburg.
1013 1113 1078 1193 Qui
1100 1123 1276 1179 conventus
1286 1141 1349 1183 rar.
1360 1143 1381 1183 1.

149 1193 324 1278 mpeditus
347 1203 394 1260 est
415 1194 456 1260 ab
479 1193 652 1259 Adelberto
676 1195 859 1262 marchione
885 1205 917 1262 et
938 1197 1004 1261 suis
1027 1197 1277 1283 commanipula-

149 1277 250 1358 ribus,
262 1277 446 1344 tollentibus
461 1299 555 1342 omne
571 1278 742 1343 servicium
757 1281 979 1366 imperatricis,
996 1279 1082 1366 quod
1096 1280 1143 1346 ibi
1158 1282 1276 1347 habere

149 1359 272 1444 debuit,
302 1371 334 1427 et
355 1363 520 1427 introitum
543 1366 575 1426 in
604 1362 719 1427 urbem
749 1366 778 1428 ei
807 1365 1051 1451 prohibentibus
1080 1375 1112 1430 et
1139 1365 1278 1452 plurima

151 1445 228 1509 dam
252 1469 295 1509 na
315 1456 382 1510 tam
403 1446 525 1532 rapinis
549 1469 645 1533 quam
667 1446 822 1512 incendiis
845 1450 875 1514 ei
897 1449 1115 1514 inferentibus.

225 1468 434 1596 bolonienses
463 1533 649 1618 episcopum
676 1533 738 1597 sibi
766 1536 962 1599 constituunt
988 1533 1178 1614 Arnoldum,
1206 1556 1277 1619 pre-

149 1615 292 1700 positum
315 1615 426 1680 Sancti
448 1615 612 1698 Andreae;
634 1617 814 1700 Mogontini
837 1639 899 1703 quo
925 1641 964 1682 ue
988 1641 1084 1704 super
1111 1640 1144 1682 se
1167 1619 1277 1684 levant

149 1698 338 1785 episcopum
354 1696 584 1764 Adelberumb
599 1701 757 1783 iuvenem,
777 1703 894 1787 prioris
942 1701 1100 1768 delbertib
1115 1710 1276 1789 nepotem.

228 1783 397 1849 Ounradus
421 1783 557 1864 Suevus,
580 1783 763 1870 aliquando,
785 1795 821 1849 ut
843 1787 1084 1933 supradictum
1107 1795 1164 1868 est,
1186 1808 1277 1851 usur·

149 1875 245 2014 pator
265 1869 346 1953 regii
370 1869 518 1946 nominis,
548 1868 684 1933 latenter
711 1870 853 1954 primum
894 1881 1005 1936 evatus
1034 1879 1082 1934 est
1108 1871 1141 1935 in
1167 1893 1277 1955 regem

164 1953 290 2018 actione
312 1951 547 2018 Adelberonisb
563 1953 769 2017 Treverensis
792 1953 898 2018 archie
923 1955 1026 2040 iscopi
1048 1965 1080 2018 et
1101 1975 1278 2039 paucorum

151 2036 345 2122 principum.
372 2037 455 2118 „Qui
478 2034 648 2101 Ounradus
670 2035 799 2122 regalia,
823 2059 886 2124 que
940 2039 1078 2102 einricus
1101 2039 1169 2103 dux
1183 2038 1278 2103 Baio-

151 2121 303 2203 ariorum,
329 2121 389 2207 1]1ἱ
416 2131 448 2185 et
475 2120 544 2184 dux
575 2119 752 2203 Saxonum,
778 2144 877 2206 gener
906 2122 1073 2207 Liutgeri⁰
1093 2124 1189 2206 regis,
1216 2121 1276 2186 sub

153 2227 187 2270 se
219 2205 332 2270 habuit
382 2202 494 2270 callide
527 2206 713 2292 acquisivit,
748 2215 780 2271 et
812 2206 949 2270 eundem
984 2207 1103 2271 ducatu
1136 2207 1277 2270 Saxonie

152 2290 280 2375 privare
295 2311 337 2354 vo
349 2290 406 2372 uit,
422 2289 497 2354 dato
513 2289 626 2354 eodem
642 2288 840 2354 Adelbernb
855 2290 1040 2355 marchioni.
1069 2290 1156 2354 Hinc
1171 2289 1277 2366 cedes

45 2379 57 2402 ³
153 2377 296 2460 rapinae,
323 2373 473 2438 incendia
503 2396 561 2459 per
590 2383 690 2438 totam
721 2373 895 2440 Saxoniam
922 2373 1008 2439 facta
1035 2385 1119 2440 sunt.
1161 2375 1276 2439 Unde¹

153 2459 327 2524 Heinricus
349 2457 417 2522 dux
438 2459 529 2522 tratri
550 2458 703 2545 Welponi
732 2459 885 2523 ducatum
907 2459 1076 2524 Baioariae
1102 2481 1176 2524 cum
1205 2481 1275 2545 pro·

492 2602 655 2656 Recensio
675 2603 716 2655 ΙΙ.
738 2603 831 2656 codd.
851 2605 885 2656 B.
908 2604 936 2656 0.

513 2731 607 2794 Anno
631 2729 715 2794 dom.
738 2731 799 2794 inc.
824 2732 916 2813 1138,
1186 2787 1187 2790 ,

9 2861 14 2878 2
152 2812 193 2878 ab
215 2814 305 2879 Urbe
327 2824 435 2878 autem
458 2813 587 2879 condita
618 2815 730 2880 1889.e
754 2814 944 2880 Conradusd
967 2814 1109 2879 eiusdem
1137 2816 1276 2879 nominis

69 2896 70 2902 '
151 2899 270 2962 tercius
279 2897 297 2980 f,
320 2897 388 2962 dux
409 2895 608 2982 Alemannis,
630 2897 727 2962 frater
747 2899 904 2963 Friderici
931 2899 1022 2964 ducis
1044 2897 1195 2980 Alsatiae,
1225 2900 1275 2964 90.

151 2981 223 3047 loco
245 2981 286 3046 ab
311 2982 482 3068 Augusto*
505 2982 633 3067 eligitur
653 2985 688 3046 in
709 3003 828 3069 regem,
852 2985 1063 3069 regnavitque
1091 2985 1182 3047 annis
1206 2985 1277 3048 14.s

227 3073 357 3124 Coloniae
387 3073 605 3141 archiepiscopus
633 3074 773 3124 iuvatur
797 3074 939 3137 Arnoldus,
967 3077 1099 3142 primus
1124 3077 1276 3142 prepositus

153 3147 247 3198 Sancti
266 3147 400 3216 Andreae.

227 3214 305 3299 Ipso
327 3234 411 3280 anno
435 3213 554 3278 sedicio
577 3214 770 3299 gravissima
792 3215 875 3278 inter
897 3213 984 3299 cives
1007 3222 1039 3278 et
1060 3214 1188 3299 ipsumh
1213 3215 1277 3299 epi-

153 3319 287 3445 scgpum
309 3298 418 3380 oritur,
441 3307 473 3362 et
494 3298 550 3360 vix
572 3296 701 3362 tandem
723 3305 798 3382 post
819 3318 969 3384 magnam
990 3296 1277 3362 tumultuacionem

153 3403 187 3447 se
212 3391 292 3446 atur.

228 3467 391 3524 conradusd
407 3488 464 3522 rex
484 3471 634 3523 effectus
659 3473 771 3537 regalis,
796 3489 848 3537 que
872 3488 977 3543 pcnes
996 3473 1153 3522 Heinricum
1181 3469 1276 3521 ducem

154 3545 271 3598 Saxonis
292 3552 319 3598 et
338 3547 470 3609 Bawerie,
490 3561 616 3610 generum
636 3545 756 3596 Letharii
775 3546 952 3614 imperatoris,
979 3551 1090 3605 erant,
1110 3542 1208 3594 callide
1231 3559 1277 3594 ac·

154 3621 273 3686 quisivit,
294 3626 321 3671 et
339 3621 449 3686 ipsum
470 3619 568 3670 ducatu
583 3619 698 3670 Saxonis
711 3620 816 3688 privare
829 3618 924 3682 voluit,
944 3619 1006 3670 dato
1021 3618 1116 3670 eodem
1129 3616 1277 3669 Adelberto

153 3695 311 3746 marchioni.
349 3694 422 3744 Hinc
449 3693 544 3756 cedes,
569 3693 676 3758 rapine,
700 3692 827 3743 incendis
852 3709 900 3758 per
924 3698 1008 3744 totam
1034 3693 1178 3744 Saxoniam
1204 3692 1278 3743 facta

153 3774 223 3823 sunt.
262 3767 342 3818 Unde
361 3767 506 3818 Heinricus
526 3765 579 3817 dux
597 3766 673 3816 fratri
686 3765 831 3832 Welphoni
851 3765 977 3818 ducatum
991 3767 1117 3818 Baioarie
1137 3781 1197 3816 cum
1217 3781 1278 3832 pro·

166 2588 368 2596 -——-—-—-

152 2678 231 2718 Anni
248 2675 408 2720 conrodit.

219 3949 248 4018 *)
269 3951 404 4002 communi
423 3965 555 4002 consensu
568 3953 626 4016 pari
640 3950 752 4002 consilio
766 3950 800 4000 ab
814 3951 936 4001 omnibus
949 3951 977 4000 in
990 3965 1082 4016 regem
1097 3948 1205 4014 eligitur
1219 3945 1278 4001 02.

155 4112 179 4167 1)
195 4115 246 4156 hoec
261 4116 305 4156 dea.
322 4111 372 4155 Aa.
418 4112 442 4165 b)
458 4113 512 4154 Alb.
530 4112 668 4164 Alscmper.
715 4115 736 4167 c)
753 4113 894 4155 Letharii
910 4113 930 4153 Α
941 4116 959 4156 1.
975 4129 1004 4149 =
1020 4111 1043 4164 d)
1061 4113 1193 4155 causaue
1204 4115 1223 4155 l.
1234 4113 1278 4157 02.

156 4173 178 4227 e)
194 4175 259 4215 1888.
276 4175 320 4218 01.
379 4173 398 4225 s)
414 4175 483 4214 heres
498 4174 584 4214 tercius
601 4174 645 4214 02.
691 4174 714 4223 g)
731 4173 767 4214 1³.
784 4173 832 4224 023
848 4175 968 4214 euhemerum
982 4177 1102 4224 sequentem
1117 4173 1196 4213 rodim
1211 4177 1279 4213 totam

149 4233 201 4282 sere
216 4234 312 4274 Ooarads'
327 4233 385 4273 tertii
399 4233 468 4283 imupo
484 4239 580 4282 occupat.
640 4230 664 4283 11)
681 4233 737 4272 deest
753 4232 796 4275 0².

109 4449 112 4455 ,
159 4392 187 4456 1)
206 4393 283 4445 Haec
302 4394 339 4445 ad
359 4411 384 4444 a.
407 4394 486 4444 1139.
502 4393 654 4458 pertinana-
672 4393 719 4444 secl
737 4393 824 4443 minas
843 4398 909 4446 recte
929 4393 1030 4444 uacua
1048 4399 1124 4455 aaa&
1143 4392 1178 4457 cf.
1191 4391 1278 4442 Bern-

156 4463 233 4531 hea‘m,
254 4466 459 4535 ί111111111119111
478 4466 505 4517 Χ
511 4466 540 4529 V,
556 4483 587 4534 p.
608 4466 671 4517 252.
